@string{JAN = "Jan"}
@string{FEB = "Feb"}
@string{MAR = "Mar"}
@string{APR = "Apr"}
@string{MAY = "May"}
@string{JUN = "Jun"}
@string{JUL = "Jul"}
@string{AUG = "Aug"}
@string{SEP = "Sep"}
@string{OCT = "Oct"}
@string{NOV = "Nov"}
@string{DEC = "Dec"}

@string{PIEEE = "Proceedings of the IEEE"}
@string{IEEEJSAC = "IEEE J. Selected Areas in Communications"}
@string{IEEETN = "IEEE/ACM Trans. Networking"}
@string{IEEETCOM = "IEEE Trans. Communications"}
@string{IEEETT = "IEEE Trans. Information Theory"}
@string{INTERNETWORK = "Journal of Internetworking: Research and Experience"}
@string{IJCS = "International Journal on Communication Systems"}
@string{ACMTCS = "ACM Trans. Computer Systems"}
@string{JACM = "J. of the ACM"}
@string{MTA = "Multimedia Tools and Applications"}
@string{CC = "Computer Communications"}
@string{IPJ = "Internet Protocol Journal"}

@string{CACM = "Communications of the ACM"}
@string{COMPUTER = "IEEE Computer Magazine"}
@string{IEEECOM = "IEEE Communication Magazine"}
@string{IEEENET = "IEEE Network Magazine"}
@string{CCR = "SIGCOMM Comput. Commun. Rev."}
@string{TON = "IEEE/ACM Trans. Netw."}

@string{SBRC = "Anais SBRC"}
@string{IMW = "Proc. IMW"}
@string{IMC = "Proc. IMC"}
@string{INFOCOM = "Proc. IEEE INFOCOM"}
@string{GLOBECOM = "Proc. IEEE GLOBECOM"}
@string{GINET = "Proc. IEEE Global Internet Symp."}
@string{INET = "Proc. INET"}
@string{SIGCOMM = "Proc. ACM SIGCOMM"}
@string{MOBICOM = "Proc. ACM MOBICOM"}
@string{SIGMETRICS = "Proc. ACM SIGMETRICS"}
@string{HSNMC="Proc. High Speed Networking and Multimedia Computing Symp."}
@string{ICNP = "Proc. ICNP"}
@string{ICC = "Proc. Intl. Conference on Communications"}
@string{FTCS = "Proc. Intl. Symposium on Fault-Tolerant Computing"}
@string{USITS = "Proc. USENIX Symposium on Internet Technologies and Systems"}
@string{ICDCS = "Proc. ICDCS"}
@string{SOSP = "Proc. ACM SOSP"}
@string{NSDI = "Proc. USENIX NSDI"}
@string{OSDI = "Proc. USENIX OSDI"}
@string{ATC = "Proc. USENIX ATC"}
@string{FDNA = "ACM SIGCOMM FDNA"}
@string{PAM = "Proc. PAM"}
@string{HotNets = "Proc. SIGCOMM HotNets"}
@string{CONEXT = "Proc. ACM CoNEXT"}
@string{EUROSYS = "Proc. ACM EuroSys"}

@inproceedings{sanchez13dasu,
 author = {S\'{a}nchez, M. and Otto, J. and Bischof, Z. and Choffnes, D. and Bustamante, F. and Krishnamurthy, B. and Willinger, W.},
 title = {{Dasu: Pushing Experiments to the Internet's Edge}},
 booktitle = NSDI,
 year = {2013},
}
 location = {Lombard, IL},
 pages = {487--500},
 numpages = {14},
 url = {http://dl.acm.org/citation.cfm?id=2482626.2482672},
 acmid = {2482672},
 publisher = {USENIX Association},
 address = {Berkeley, CA, USA},
} 

@inproceedings{ferguson13dns,
 author = {Ferguson, A. D. and Place, J. and Fonseca, R.},
 title = {{Growth Analysis of a Large ISP}},
 booktitle = IMC,
 year = {2013},
}
 isbn = {978-1-4503-1953-9},
 location = {Barcelona, Spain},
 pages = {347--352},
 numpages = {6},
 url = {http://doi.acm.org/10.1145/2504730.2504769},
 doi = {10.1145/2504730.2504769},
 acmid = {2504769},
 publisher = {ACM},
 address = {New York, NY, USA},
 keywords = {alias resolution, reverse DNS},
} 

@inproceedings{khan13lookinglass,
 author = {Khan, A. and Kwon, T. and Kim, H. and Choi, Y.},
 title = {{AS-level Topology Collection Through Looking Glass Servers}},
 booktitle = IMC,
 year = {2013},
}
 isbn = {978-1-4503-1953-9},
 location = {Barcelona, Spain},
 pages = {235--242},
 numpages = {8},
 url = {http://doi.acm.org/10.1145/2504730.2504758},
 doi = {10.1145/2504730.2504758},
 acmid = {2504758},
 publisher = {ACM},
 address = {New York, NY, USA},
 keywords = {border gateway protocol (BGP), inter-domain routing, looking glass servers},
} 

@inproceedings{gj13pamplona,
	author={Garcia-Jimenez, S. and Magana, E. and Morato, D. and Izal, M.},
	booktitle={Global Information Infrastructure Symposium},

	title={{Pamplona-traceroute: Topology Discovery and Alias Resolution
	to Build Router Level Internet Maps}},
	year={2013},
}
month={Oct},
pages={1-8},
keywords={Internet;telecommunication network routing;telecommunication network topology;IP address;Internet path;Internet topology map;Pamplona-traceroute;TTL-scoped UDP packet;router level Internet map;topology discovery;Extraterrestrial measurements;IP networks;Network topology;Probes;Radiation detectors;Routing protocols;Topology},



@INPROCEEDINGS{li11seismograph,
author={Jun Li and Brooks, S.},
booktitle=INFOCOM,
title={{I-seismograph: Observing and Measuring Internet Earthquakes}},
year={2011}
}
pages={2624-2632}
keywords={Internet;computer network security;routing protocols;I-seismograph;Internet earthquake;Internet seismograph;Internet worms;Richter scale;border gateway protocol;disruptive event;inter-domain routing protocol;large-scale power outages;undersea cable cut;Earthquakes;Logic gates;Monitoring;Seismic measurements;Variable speed drives;BGP impact measurement;Border Gateway Protocol (BGP);Internet earthquake;Internet seismograph},
doi={10.1109/INFCOM.2011.5935090},
ISSN={0743-166X},}

@inproceedings{dainotti11failures,
 author = {Dainotti, Alberto and Squarcella, Claudio and Aben, Emile and Claffy, Kimberly C. and Chiesa, Marco and Russo, Michele and Pescap{\'e}, Antonio},
 title = {{Analysis of Country-wide Internet Outages Caused by Censorship}},
 booktitle = IMC,
 year = {2011},
}
 isbn = {978-1-4503-1013-0},
 location = {Berlin, Germany},
 pages = {1--18},
 numpages = {18},
 url = {http://doi.acm.org/10.1145/2068816.2068818},
 doi = {10.1145/2068816.2068818},
 acmid = {2068818},
 publisher = {ACM},
 address = {New York, NY, USA},
 keywords = {censorship, connectivity disruption, darknet, internet background radiation, network telescope, outages},


@inproceedings{quan13trinocular,
 author = {Quan, Lin and Heidemann, John and Pradkin, Yuri},
 title = {{Trinocular: Understanding Internet Reliability Through Adaptive Probing}},
 booktitle = SIGCOMM,
 year = {2013}
}
 isbn = {978-1-4503-2056-6},
 location = {Hong Kong, China},
 pages = {255--266},
 numpages = {12},
 url = {http://doi.acm.org/10.1145/2486001.2486017},
 doi = {10.1145/2486001.2486017},
 acmid = {2486017},
 publisher = {ACM},
 address = {New York, NY, USA},
 keywords = {adaptive probing, bayesian inference, internet reliability, network outages},



@INPROCEEDINGS{silveira10urca,
	author = {Silveira, F. and Diot, C.},
	booktitle= INFOCOM,
	title={{URCA: Pulling out Anomalies by their Root Causes}},
	year={2010}
}
doi={10.1109/INFCOM.2010.5462151},
ISSN={0743-166X},
pages={1-9},

@article{poese11geobad,
 author = {I. Poese and and S. Uhlig and M. A. Kaafar and B. Donnet and
	B. Gueye},
 title = {{IP Geolocation Databases: Unreliable?}},
 journal = {SIGCOMM Comput. Commun. Rev.},
 volume = {41},
 number = {2},
 year = {2011},
 pages = {53--56},
}
 issue_date = {April 2011},
 month = apr,
 issn = {0146-4833},
 numpages = {4},
 url = {http://doi.acm.org/10.1145/1971162.1971171},
 doi = {10.1145/1971162.1971171},
 acmid = {1971171},
 publisher = {ACM},
 address = {New York, NY, USA},
 keywords = {accuracy, geolocation, reliability},


@inproceedings{cunha13remap,
 author = {\'{I}. Cunha and R. Teixeira and D. Veitch and C. Diot},
 title = {{RemapRoute: Reduzindo o Custo de Remapeamento de Mudan√ßas de
	 Roteamento na Internet}},
 booktitle = {Proc. of Simp\'{o}sio Brasileiro de Redes de Computadores
	 e Sistemas Distribu\'{i}dos},
 year = {2013}
}

@article{feamster07lease,
 author = {N. Feamster and L. Gao and J. Rexford},
 title = {{How to Lease the Internet in Your Spare Time}},
 journal = CCR,
 volume = {37},
 number = {1},
 year = {2007},
 pages = {61--64}
}
 issue_date = {January 2007},
 month = jan,
 issn = {0146-4833},
 numpages = {4},
 url = {http://doi.acm.org/10.1145/1198255.1198265},
 doi = {10.1145/1198255.1198265},
 acmid = {1198265},
 publisher = {ACM},
 address = {New York, NY, USA},


@inproceedings{luckie13asrel,
	author = {M. Luckie and B. Huffaker and A. Dhamdhere and
		V. Giotsas and K. Claffy},
	title = {{AS Relationships, Customers Cones, and Validations}},
	booktitle = IMC,
	year = 2013
}

@misc{gill12survey,
	author = {P. Gill and S. Goldberg and M. Schapira},
	title = {{A Survey of Interdomain Routing Policies}},
	year = {NANOG 56, 2012}
}

@inproceedings{yan09bgpmon,
 author = {H. Yan and R. Oliveira and K. Burnett and D. Matthews and L.
	 Zhang and D. Massey},
 title = {{BGPmon: A Real-Time, Scalable, Extensible Monitoring System}},
 booktitle = {Proc. CATCH},
 year = {2009},
}
 series = {CATCH '09},
 keywords = {Routing Security, Management Tool, Monitoring System},
% Proceedings of the 2009 Cybersecurity Applications \& Technology Conference for Homeland Security},
 isbn = {978-0-7695-3568-5},
 pages = {212--223},
 numpages = {12},
 url = {http://dx.doi.org/10.1109/CATCH.2009.28},
 doi = {10.1109/CATCH.2009.28},
 acmid = {1524334},
 publisher = {IEEE Computer Society},
 address = {Washington, DC, USA},

@article{mckay81nauty,
	author = {B. D. McKay},
	title = {Practical Graph Isomorphism},
	journal = {Congressus Numerantium},
	volume = {30},
	year = {1981},
	pages = {45 -- 87}
}


@misc{alexa,
title = {{Alexa Top Global Sites}},
note = {\url{http://www.alexa.com/topsites}}
}

@inproceedings{transitportal,
	Author = {V. Valancius and N. Feamster and J. Rexford and A. Nakao},
	Booktitle = ATC,
	Date-Added = {2010-08-28 18:34:49 -0700},
	Date-Modified = {2011-07-18 15:34:21 -0700},
	Keywords = {bgp,measurement infrastructure,multihoming,testbed},
	Title = {{Wide-Area Route Control for Distributed Services}},
	Year = {2010}
}

@misc{linuxpolicyrouting,
	author={B. Hubert},
	title={{Linux Advanced Routing \& Traffic Control HOWTO}},
	note={Available at: \url{lartc.org/howto/}}
}

@inproceedings{zhang07impact,
	 author={Ying Zhang and Mao, Z.M. and Wang, J.},
	 booktitle=INFOCOM,
	 title={{A Framework for Measuring and Predicting the Impact of
		 Routing Changes}},
	 year={2007}
}
pages={339-347}
ISSN={0743-166X}


@inproceedings{zhao06losstomo,
	author = {Y. Zhao and Y. Chen and D. Bindel},
	title = {{Towards Unbiased End-to-end Network Diagnosis}},
	booktitle = SIGCOMM,
	year = {2006},
}
	isbn = {1-59593-308-5},
	location = {Pisa, Italy},
	pages = {219--230},
	numpages = {12},
	url = {http://doi.acm.org/10.1145/1159913.1159939},
	doi = {10.1145/1159913.1159939},
	acmid = {1159939},
	publisher = {ACM},
	address = {New York, NY, USA},



@inproceedings{zhao03wifi,
 author = {J. Zhao and R. Govindan},
 title = {{Understanding Packet Delivery Performance in Dense Wireless Sensor Networks}},
 booktitle = {Proc. SenSys},
 year = {2003}
}
 isbn = {1-58113-707-9},
 location = {Los Angeles, California, USA},
 pages = {1--13},
 numpages = {13},
 url = {http://doi.acm.org/10.1145/958491.958493},
 doi = {10.1145/958491.958493},
 acmid = {958493},
 publisher = {ACM},
 address = {New York, NY, USA},
 keywords = {low power radio, packet loss, performance measurement},

@inproceedings{stefanov08yslow,
	author = {Stoyan Stefanov},
	booktitle = {CSDN SD2C},
	Title = {{YSlow 2.0}},
	Year = {2008}
}


@inproceedings{decouto03etx,
 author = {De Couto, D. S. J. and Aguayo, D. and Bicket, J. and Morris, R.},
 title = {{A High-throughput Path Metric for Multi-hop Wireless Routing}},
 booktitle = MOBICOM,
 year = {2003},
}
 isbn = {1-58113-753-2},
 location = {San Diego, CA, USA},
 pages = {134--146},
 numpages = {13},
 url = {http://doi.acm.org/10.1145/938985.939000},
 doi = {10.1145/938985.939000},
 acmid = {939000},
 publisher = {ACM},
 address = {New York, NY, USA},
 keywords = {802.11b, DSDV, DSR, ETX, ad hoc networks, multi-hop wireless networks, rooftop networks, route metrics, wireless routing},


@inproceedings{kreibich10netalyzr,
title={{Netalyzr: Illuminating The Edge Network}},
author={C. Kreibich and N. Weaver and B. Nechaev and V. Paxson},
booktitle = IMC,
year={2010}
}
Melbourne, Australia.

@inproceedings{gangam13ale,
	author = {S. Gangam and J. Chandrashekar and √ç. Cunha
and J. Kurose},
	title = {{Estimating TCP Latency Approximately with Passive Measurements}},
	booktitle = {Proc. of PAM},
	year = {2013}
}
	address = {Hong Kong, China},
	month = {Mar.},


@inproceedings{chen09ono,
 author = {Chen, Kai and Choffnes, David R. and Potharaju, Rahul and Chen, Yan and Bustamante, Fabian E. and Pei, Dan and Zhao, Yao},
 title = {{Where the Sidewalk Ends: Extending the Internet AS Graph Using Traceroutes from P2P Users}},
 booktitle = CONEXT,
 year = {2009},
}
 isbn = {978-1-60558-636-6},
 location = {Rome, Italy},
 pages = {217--228},
 numpages = {12},
 url = {http://doi.acm.org/10.1145/1658939.1658964},
 doi = {10.1145/1658939.1658964},
 acmid = {1658964},
 publisher = {ACM},
 address = {New York, NY, USA},
 keywords = {as-level topology, bgp, internet measurement, traceroute},

@article{intel06vtx,
	author = {G. Neiger and A. Santoni and F. Leung and
		D. Rodgers and R. Uhlig},
	title = {{Intel Virtualization Technology: Hardware Support
		for Efficient Processor Virtualization}},
	journal = {Intel Technology Journal},
	year = {2006},
	volume = {10},
	number = {3},
	pages = {167--177}
}

@article{joumblatt2011hostview,
	title={{HostView: Annotating End-host Performance Measurements with User Feedback}},
	author={Joumblatt, D. and Teixeira, R. and Chandrashekar, J. and Taft, N.},
	journal={ACM SIGMETRICS Perf. Eval. Rev.},
	volume={38},
	number={3},
	pages={43--48},
	year={2011},
	publisher={ACM}
}

@article{laoutaris08echos,
 author = {N. Laoutaris and P. Rodriguez and L. Massoulie},
 title = {{ECHOS: Edge Capacity Hosting Overlays of Nano Data Centers}},
 journal = CCR,
 volume = {38},
 number = {1},
 year = {2008},
 pages = {51--54},
}
 issn = {0146-4833},
 month = jan,
 numpages = {4},
 url = {http://doi.acm.org/10.1145/1341431.1341442},
 doi = {10.1145/1341431.1341442},
 acmid = {1341442},
 publisher = {ACM},
 address = {New York, NY, USA},
 keywords = {data center, peer-to-peer, set-top-box},
}


@inproceedings{joumblatt2011performance,
	title={{Performance of Networked Applications: The Challenges in
		Capturing the User's Perception}},
	author={Joumblatt, D. and Teixeira, R. and Chandrashekar, J. and Taft, N.},
	booktitle={Proc. ACM SIGCOMM Workshop on Measurements Up the Stack},
	year={2011},
}
	pages={37--42},
	organization={ACM}

@inproceedings{barham03xen,
 author = {P. Barham and B. Dragovic and K. Fraser and S. Hand and
	 T. Harris and A. Ho and R. Neugebauer and I. Pratt and A. Warfield},
 title = {{Xen and the Art of Virtualization}},
 booktitle = SOSP,
 year = {2003},
}
 isbn = {1-58113-757-5},
 location = {Bolton Landing, NY, USA},
 pages = {164--177},
 numpages = {14},
 url = {http://doi.acm.org/10.1145/945445.945462},
 doi = {10.1145/945445.945462},
 acmid = {945462},
 publisher = {ACM},
 address = {New York, NY, USA},
 keywords = {hypervisors, paravirtualization, virtual machine monitors},

@inproceedings{kivity2007kvm,
	title={{KVM: the Linux Virtual Machine Monitor}},
	author={A. Kivity and Y. Kamay and D. Laor and U. Lublin and A. Liguori},
	booktitle={Proc. of the Linux Symposium},
	year={2007}
}

@inproceedings{soltesz07vserver,
 author = {S. Soltesz and H. P\"{o}tzl and M. E. Fiuczynski and A. Bavier
	 and L. Peterson},
 title = {{Container-based Operating System Virtualization: a Scalable,
	 High-performance Alternative to Hypervisors}},
 booktitle = EUROSYS,
 year = {2007},
}
 isbn = {978-1-59593-636-3},
 location = {Lisbon, Portugal},
 pages = {275--287},
 numpages = {13},
 url = {http://doi.acm.org/10.1145/1272996.1273025},
 doi = {10.1145/1272996.1273025},
 acmid = {1273025},
 publisher = {ACM},
 address = {New York, NY, USA},
 keywords = {Linux-VServer, Xen, alternative, container, hypervisor, operating, system, virtualization},


@inproceedings{sundaresan11gateway,
 author = {S. Sundaresan and W. de Donato and N. Feamster and R. Teixeira
	 and S. Crawford and A. Pescap\`{e}},
 title = {{Broadband Internet Performance: a View from the Gateway}},
 booktitle = SIGCOMM,
 year = {2011}
}
 series = {SIGCOMM '11},
 year = {2011},
 isbn = {978-1-4503-0797-0},
 location = {Toronto, Ontario, Canada},
 pages = {134--145},
 numpages = {12},
 url = {http://doi.acm.org/10.1145/2018436.2018452},
 doi = {10.1145/2018436.2018452},
 acmid = {2018452},
 publisher = {ACM},
 address = {New York, NY, USA},
 keywords = {access networks, benchmarking, bismark, broadband networks},

@inproceedings{dischinger10glasnost,
 author = {Dischinger, M. and Marcon, M. and Guha, S. and Gummadi, K. P. and Mahajan, R. and Saroiu, S.},
 title = {{Glasnost: Enabling End Users to Detect Traffic Differentiation}},
 booktitle = NSDI,
 year = {2010},
}
 location = {San Jose, California},
 pages = {27--27},
 numpages = {1},
 url = {http://dl.acm.org/citation.cfm?id=1855711.1855738},
 acmid = {1855738},
 publisher = {USENIX Association},
 address = {Berkeley, CA, USA},
} 

@inproceedings{dixon12homeos,
 author = {C. Dixon and R. Mahajan and S. Agarwal and A. J. Brush and B. Lee
	 and S. Saroiu and P. Bahl},
 title = {{An Operating System for the Home}},
 booktitle = NSDI,
 year = {2012},
}
 location = {San Jose, CA},
 pages = {25--25},
 numpages = {1},
 url = {http://dl.acm.org/citation.cfm?id=2228298.2228332},
 acmid = {2228332},
 publisher = {USENIX Association},
 address = {Berkeley, CA, USA},

@inproceedings{feamster10homenet,
 author = {N. Feamster},
 title = {{Outsourcing Home Network Security}},
 booktitle = {ACM SIGCOMM HomeNets},
 year = {2010},
}
 isbn = {978-1-4503-0198-5},
 location = {New Delhi, India},
 pages = {37--42},
 numpages = {6},
 url = {http://doi.acm.org/10.1145/1851307.1851317},
 doi = {10.1145/1851307.1851317},
 acmid = {1851317},
 publisher = {ACM},
 address = {New York, NY, USA},
 keywords = {home networking, network security, programmable networking},


@inproceedings{guita11losstomo,
 author = {Ghita, D. and Karakus, C. and Argyraki, K. and Thiran, P.},
 title = {{Shifting Network Tomography Toward a Practical Goal}},
 booktitle = CONEXT,
 year = {2011}
}
 isbn = {978-1-4503-1041-3},
 location = {Tokyo, Japan},
 pages = {24:1--24:12},
 articleno = {24},
 numpages = {12},
 url = {http://doi.acm.org/10.1145/2079296.2079320},
 doi = {10.1145/2079296.2079320},
 acmid = {2079320},
 publisher = {ACM},
 address = {New York, NY, USA},

@inproceedings{roesch99snort,
 author = {M. Roesch},
 title = {{Snort: Lightweight Intrusion Detection for Networks}},
 booktitle = {Proc. USENIX LISA},
 year = {1999},
}
 location = {Seattle, Washington},
 pages = {229--238},
 numpages = {10},
 url = {http://portal.acm.org/citation.cfm?id=1039834.1039864},
 acmid = {1039864},
 publisher = {USENIX Association},
 address = {Berkeley, CA, USA},

@inproceedings{kushman07rbgp,
 author = {N. Kushman and S. Kandula and D. Katabi and B. M. Maggs},
 title = {{R-BGP: Staying Connected in a Connected World}},
 booktitle = NSDI,
 year = {2007},
}
 location = {Cambridge, MA},
 pages = {25--25},
 numpages = {1},
 url = {http://dl.acm.org/citation.cfm?id=1973430.1973455},
 acmid = {1973455},
 publisher = {USENIX Association},
 address = {Berkeley, CA, USA},

@inproceedings{gummadi04source,
 author = {K. P. Gummadi and H. V. Madhyastha and S. D. Gribble
	and H. M. Levy and D. Wetherall},
 title = {{Improving the Reliability of Internet Paths with One-hop Source
	Routing}},
 booktitle = OSDI,
 year = {2004},
}
 location = {San Francisco, CA},
 pages = {13--13},
 numpages = {1},
 url = {http://dl.acm.org/citation.cfm?id=1251254.1251267},
 acmid = {1251267},
 publisher = {USENIX Association},
 address = {Berkeley, CA, USA},

@inproceedings{laksh07convfree,
 author = {K. Lakshminarayanan and M. Caesar and M. Rangan and T. Anderson
	 and S. Shenker and I. Stoica},
 title = {{Achieving Convergence-free Routing Using Failure-carrying Packets}},
 booktitle = SIGCOMM,
 year = {2007},
}
 isbn = {978-1-59593-713-1},
 location = {Kyoto, Japan},
 pages = {241--252},
 numpages = {12},
 url = {http://doi.acm.org/10.1145/1282380.1282408},
 doi = {10.1145/1282380.1282408},
 acmid = {1282408},
 publisher = {ACM},
 address = {New York, NY, USA},
 keywords = {convergence, internet routing, protocols},

@inproceedings{john08consensus,
 author = {J. P. John and E. Katz-Bassett and A. Krishnamurthy and T. Anderson
	and A. Venkataramani},
 title = {{Consensus Routing: the Internet as a Distributed System}},
 booktitle = NSDI,
 year = {2008}
}
 isbn = {111-999-5555-22-1},
 location = {San Francisco, California},
 pages = {351--364},
 numpages = {14},
 url = {http://dl.acm.org/citation.cfm?id=1387589.1387614},
 acmid = {1387614},
 publisher = {USENIX Association},
 address = {Berkeley, CA, USA},

@inproceedings{cloud,
 author = {Stuart J. Johnston},
 title = {{Cloud Outage Report of 13 Providers Reveals Downtime Costs}},
 booktitle = {TechTarget},
 year = {2012},
}
 month = {Jun.},
 note = {http://searchcloudcomputing.techtarget.com/news/2240158511/Cloud-outage-report-of-13-providers-reveals-downtime-costs}

@inproceedings{level3,
 author = {Adam C. Estes},
 title = {{The Internet Died a Little Today}},
 booktitle = {The Atlantic Wire},
 year = {2011},
}
 month = {Nov.},
 note = {http://www.theatlanticwire.com/technology/2011/11/internet-died-little-today/44644/}

@inproceedings{rank1,
 title = {{Top Computer Science Schools \& Best Ranked Colleges}},
 booktitle = {USNews University Directory},
 year = {2010},
}
 note = {http://www.usnewsuniversitydirectory.com/graduate-schools/sci-ences/computer-science.aspx}



@inproceedings{blackberry,
 author = {Ned Potter},
 title = {{BlackBerry Outage Spreads to U.S., RIM Responds}},
 booktitle = {ABC News},
 year = {2011},
}
 month = {Oct.},
 note = {http://abcnews.go.com/blogs/technology/2011/10/blackberry-outage-spreads-to-u-s/}



@inproceedings{ict,
 author = {ITU},
 title = {{ICT Facts and Figures}},
 booktitle = {ITU Telecom World},
 year = {2011}
}

@inproceedings{govindan97stability,
 author = {R. Govindan and A. Reddy},
 title = {{An Analysis of Internet Inter-Domain Topology and Route Stability}},
 booktitle = INFOCOM,
 year = {1997}
}

@article{lad06changes,
 author = {M. Lad and D. Massey and L. Zhang},
 title = {{Visualizing Internet Routing Changes}},
 journal = {IEEE Trans. on Visualization and Comp. Graphics},
 volume = {12},
 number = {6},
 year = {2006},
 pages = {1450--1460},
}
 month = {Nov.},

@inproceedings{latapy06complex,
	author		= {M. Latapy and C. Magnien},
	title			= {{Measuring Fundamental Properties of Real-World Complex
	Networks}},
	booktitle = INFOCOM,
	year			= {2006}
}

@article{labovitz98instability,
 author = {C. Labovitz and G. R. Malan and F. Jahanian},
 title = {{Internet Routing Instability}},
 journal = TON,
 volume = {6},
 number = {5},
 year = {1998},
 pages = {515--528},
}
 month = {Oct.},



@article{steinder07diagnosis,
 author = {M. Steinder and A. S. Sethi},
 title = {{Multidomain Diagnosis of End-to-End Service Failures in
	Hierarchically Routed Networks}},
 journal = {IEEE Trans. Parallel Distrib. Syst.},
 volume = {18},
 number = {3},
 year = {2007},
 pages = {379--392}
}
 month = {Mar.},
 numpages = {14},
 url = {http://portal.acm.org/citation.cfm?id=1263124.1263211},
 doi = {10.1109/TPDS.2007.46},
 acmid = {1263211},
 publisher = {IEEE Press},
 address = {Piscataway, NJ, USA},
 keywords = {Distributed fault localization, probabilistic inference.},

@article{natu08probe,
	 author = {M. Natu and A. S. Sethi and E. Lloyd},
	 title = {{Efficient Probe Selection Algorithms for Fault Diagnosis}},
	 journal = {Telecommunication Systems},
	 pages = {109--125},
	 volume = {37},
	 number = {1},
	 year = {2008}
}

@article{natu08station,
 author = {M. Natu and A. S. Sethi},
 title = {{Probe Station Placement for Robust Monitoring of Networks}},
 journal = {J. Netw. Syst. Manage.},
 volume = {16},
 number = {4},
 year = {2008},
 pages = {351--374}
}
 month = {Dec.},
 issn = {1064-7570},
 numpages = {24},
 url = {http://portal.acm.org/citation.cfm?id=1485030.1485039},
 doi = {10.1007/s10922-008-9114-0},
 acmid = {1485039},
 publisher = {Plenum Press},
 address = {New York, NY, USA},
 keywords = {Active probing, Fault diagnosis, Network monitoring, Probe station placement},


@inproceedings{huang01wavelet,
 author = {P. Huang and A. Feldmann and W. Willinger},
 title = {{A Non-instrusive, Wavelet-based Approach to Detecting Network
	Performance Problems}},
 booktitle = IMW,
 year = {2001}
}
 isbn = {1-58113-435-5},
 location = {San Francisco, California, USA},
 pages = {213--227},
 numpages = {15},
 url = {http://doi.acm.org/10.1145/505202.505229},
 doi = {http://doi.acm.org/10.1145/505202.505229},
 acmid = {505229},
 publisher = {ACM},
 address = {New York, NY, USA},
 keywords = {energy function, network performance, passive measurements, scale-localization, wavelets},


@inproceedings{chen03tomo,
 author = {Y. Chen D. Bindel and R. H. Katz},
 title = {{Tomography-based Overlay Network Monitoring}},
 booktitle = IMC,
 year = {2003}
}
 pages = {216--231},
 numpages = {16},
 location = {Miami Beach, FL, USA},

@inproceedings{zhang06dns,
 title = {{How DNS Misnaming Distorts Internet Topology Mapping}},
 author = {M. Zhang and R. Yaoping and P. Vivek and J. Rexford},
 booktitle = {Proc. USENIX ATC},
 year = {2006}
}
 location = {Portland, Oregon, USA},
 pages = {55--66},

@inproceedings{chen04algebraic,
 author = {Y. Chen and D. Bindel and H. Song and R. H. Katz},
 title = {{An Algebraic Approach to Practical and Scalable Overlay Network
	Monitoring}},
 booktitle = SIGCOMM,
 year = {2004}
}
 location = {Portland, Oregon, USA},
 pages = {55--66},


@inproceedings{kandula09netmedic,
 author = {S. Kandula and R. Mahajan and P. Verkaik and S. Agarwal and
	J. Padhye and P. Bahl},
 title = {{Detailed Diagnosis in Enterprise Networks}},
 booktitle = SIGCOMM,
 year = {2009}
}
 isbn = {978-1-60558-594-9},
 location = {Barcelona, Spain},
 pages = {243--254},
 numpages = {12},
 url = {http://doi.acm.org/10.1145/1592568.1592597},
 doi = {http://doi.acm.org/10.1145/1592568.1592597},
 acmid = {1592597},
 publisher = {ACM},
 address = {New York, NY, USA},
 keywords = {applications, enterprise networks, fault diagnosis},

@inproceedings{bahl07sherlock,
 author = {P. Bahl and R. Chandra and A. Greenberg and S. Kandula
	and D. A. Maltz and M. Zhang},
 title = {{Towards Highly Reliable Enterprise Network Services via Inference
	of Multi-level Dependencies}},
 booktitle = SIGCOMM,
 year = {2007},
}
 isbn = {978-1-59593-713-1},
 location = {Kyoto, Japan},
 pages = {13--24},
 numpages = {12},
 url = {http://doi.acm.org/10.1145/1282380.1282383},
 doi = {http://doi.acm.org/10.1145/1282380.1282383},
 acmid = {1282383},
 publisher = {ACM},
 address = {New York, NY, USA},
 keywords = {dependencies, fault localization, network and service management, probabilistic inference},


@article{luckie11crooked,
 author = {M. Luckie and A. Dhamdhere and kc claffy and D. Murrell},
 title = {{Measured Impact of Crooked Traceroute}},
 journal = {SIGCOMM Comput. Commun. Rev.},
 volume = {41},
 number = {1},
 pages = {14--21},
 numpages = {8},
}
 issue_date = {January 2011},

@article{pansiot98routes,
 author = {J. J. Pansiot and D. Grad},
 title = {{On Routes and Multicast Trees in the Internet}},
 journal = {SIGCOMM Comput. Commun. Rev.},
 volume = {28},
 number = {1},
 year = {1998},
 pages = {41--50}
}
 month = {January},

@inproceedings{mahimkar09iptv,
 author = {A. A. Mahimkar and Z. Ge and A. Shaikh and J. Wang and
	J. Yates and Y. Zhang and Q. Zhao},
 title = {{Towards Automated Performance Diagnosis in a Large IPTV Network}},
 booktitle = SIGCOMM,
 year = {2009}
}
 isbn = {978-1-60558-594-9},
 location = {Barcelona, Spain},
 pages = {231--242},
 numpages = {12},
 url = {http://doi.acm.org/10.1145/1592568.1592596},
 doi = {http://doi.acm.org/10.1145/1592568.1592596},
 acmid = {1592596},
 publisher = {ACM},
 address = {New York, NY, USA},
 keywords = {IPTV, network diagnosis},


@inproceedings{le06minerals,
 author = {F. Le and S. Lee and T. Wong and H. S. Kim and D. Newcomb},
 title = {{Minerals: Using Data Mining to Detect Router Misconfigurations}},
 booktitle = {Proc. of MineNet},
 year = {2006}
}
 isbn = {1-59593-569-X},
 location = {Pisa, Italy},
 pages = {293--298},
 numpages = {6},
 url = {http://doi.acm.org/10.1145/1162678.1162681},
 doi = {http://doi.acm.org/10.1145/1162678.1162681},
 acmid = {1162681},
 publisher = {ACM},
 address = {New York, NY, USA},
 keywords = {association rules mining, network misconfiguration, routers, static analysis},


@inproceedings{kandula05shrink,
 author = {S. Kandula and D. Katabi and J.-P. Vasseur},
 title = {{Shrink: a Tool for Failure Diagnosis in IP Networks}},
 booktitle = {Proc. of MineNet},
 year = {2005}
}
 isbn = {1-59593-026-4},
 location = {Philadelphia, Pennsylvania, USA},
 pages = {173--178},
 numpages = {6},
 url = {http://doi.acm.org/10.1145/1080173.1080178},
 doi = {http://doi.acm.org/10.1145/1080173.1080178},
 acmid = {1080178},
 publisher = {ACM},
 address = {New York, NY, USA},
 keywords = {Bayesian, IP networks, SRLG, fault diagnosis, optical, shrink},

@inproceedings{bender08radargun,
 author = {A. Bender and R. Sherwood and N. Spring},
 title = {{Fixing Ally's Growing Pains with Velocity Modeling}},
 booktitle = IMC,
 year = {2008}
}
% address = {Vouliagmeni, Greece},
 isbn = {978-1-60558-334-1},
 pages = {337--342},
 numpages = {6},
 url = {http://doi.acm.org/10.1145/1452520.1452560},
 doi = {http://doi.acm.org/10.1145/1452520.1452560},
 acmid = {1452560},
 publisher = {ACM},

@inproceedings{cunha11dtrack,
	author = {\'{I}. Cunha and R. Teixeira and D. Veitch and
			C. Diot},
	title = {{Predicting and Tracking Internet Path Changes}},
	booktitle = {Proc. ACM SIGCOMM},
	year = {2011}
}
	address = {Toronto, Canada},
	month = {Aug.},



@inproceedings{cunha11fastmapping,
	author = {\'{I}. Cunha and R. Teixeira and C. Diot},
	title = {{Measuring and Characterizing End-to-End Route
			Dynamics in the Presence of Load Balancing}},
	booktitle = {Proc. PAM},
	year = 2011
}
%	address = {Atlanta, GA},
%	month = {Apr.}

@inproceedings{shavitt09dimes,
	author = {Y. Shavitt and U. Weinsberg},
	title = {{Quantifying the Importance of Vantage Points Distribution in
		Internet Topology Measurements}},
	booktitle = INFOCOM,
	year = 2009
}
%	address = {Rio de Janeiro, Brazil},
%	month = {Apr.}


@inproceedings{wolfgang06bgpdyn,
	author = {W. M\"{u}hlbauer and A. Feldmann and O. Maennel
		and M. Roughan and S. Uhlig},
	title = {{Building an AS-topology Model that Captures Route
		Diversity}},
	booktitle = SIGCOMM,
	year = {2006},
}
	address = {Pisa, Italy}
	pages = {195--206},

@inproceedings{mao03sigcomm,
	author = {Z. M. Mao and J. Rexford and J. Wang and R. H. Katz},
	title  = {{Towards an Accurate AS-level Traceroute Tool}},
	booktitle = SIGCOMM,
	year = {2003}
}

@article{leone06dlv,
 author = {N. Leone and G. Pfeifer and W. Faber and T. Eiter and G. Gottlob
	and S. Perri and F. Scarcello},
 title = {{The DLV System for Knowledge Representation and Reasoning}},
 journal = {ACM Trans. Comput. Logic},
 volume = {7},
 number = {3},
 month = {July},
 year = {2006},
 issn = {1529-3785},
 pages = {499--562},
 numpages = {64},
 url = {http://doi.acm.org/10.1145/1149114.1149117},
 doi = {http://doi.acm.org/10.1145/1149114.1149117},
 acmid = {1149117},
 publisher = {ACM},
 address = {New York, NY, USA},
}

@inproceedings{faloutsos99asdegree,
 author = {M. Faloutsos and P. Faloutsos and C. Faloutsos},
 title = {{On Power-law Relationships of the Internet Topology}},
 booktitle = SIGCOMM,
 year = {1999},
 isbn = {1-58113-135-6},
 location = {Cambridge, Massachusetts, United States},
 pages = {251--262},
 numpages = {12}
}

@inproceedings{broido01ipgraphs,
		author = {A. Broido and K. Claffy},
		title = {{Internet Topology: Connectivity of IP Graphs}},
		booktitle = {SPIE ITCom},
		year = {2001}
}

@inproceedings{he05asymmetry,
	author={Y. He and M. Faloutsos and S. Krishnamurthy and
		B. Huffaker},
	booktitle=GLOBECOM,
	title={{On Routing Asymmetry in the Internet}},
	year={2005}
}



@article{paxson99bro,
 author = {V. Paxson},
 title = {{Bro: a System for Detecting Network Intruders in Real-Time}},
 journal = {Comput. Netw.},
 volume = {31},
 number = {23--24},
 year = {1999},
 issn = {1389-1286},
 pages = {2435--2463}
}
 month = {Dec.},
 numpages = {29},
 url = {http://portal.acm.org/citation.cfm?id=337967.337972},
 doi = {10.1016/S1389-1286(99)00112-7},
 acmid = {337972},
 publisher = {Elsevier North-Holland, Inc.},
 address = {New York, NY, USA},
 keywords = {domain-specific languages, network intrusion detection, network monitoring evasion, passive network monitoring},


@inproceedings{kandula08expose,
 author = {S. Kandula and R. Chandra and D. Katabi},
 title = {{What's Going On? Learning Communication Rules in Edge Networks}},
 booktitle = SIGCOMM,
 year = {2008}
}
 isbn = {978-1-60558-175-0},
 location = {Seattle, WA, USA},
 pages = {87--98},
 numpages = {12},
 url = {http://doi.acm.org/10.1145/1402958.1402970},
 doi = {http://doi.acm.org/10.1145/1402958.1402970},
 acmid = {1402970},
 publisher = {ACM},
 address = {New York, NY, USA},
 keywords = {communication rules, correlation, expose, rule mining},


@inproceedings{teixeira03diversity,
 author = {R. Teixeira and K. Marzullo and S. Savage and G. M. Voelker},
 title = {{In Search of Path Diversity in ISP Networks}},
 booktitle = IMC,
 year = {2003},
}
 isbn = {1-58113-773-7},
 numpages = {6}
 pages = {313--318},
 location = {Miami Beach, FL, USA},


@inproceedings{subramanian02aschar,
		author = {L. Subramanian and S. Agarwal and J. Rexford and Y. H. Katz},
		title = {{Characterizing the Internet Hierarchy from Multiple
	Vantage Points}},
		booktitle = INFOCOM,
		year = {2002}
}

@inproceedings{chen02theorigin,
		author = {Q. Chen and Q. C. Hyunseok and R. Govindan and S. Jamin
	and S. J. Shenker and W. Willinger},
		title = {{The Origin of Power Laws in Internet Topologies Revisited}},
		booktitle = INFOCOM,
		year = {2002},
		pages = {608--617}
}

@article{chang04astopo,
 author = {H. Chang and R. Govindan and S. Jamin and S. J. Shenker and
	W. Willinger},
 title = {{Towards Capturing Representative AS-level Internet Topologies}},
 journal = {Comput. Netw.},
 volume = {44},
 number = {6},
 month = {April},
 year = {2004},
 issn = {1389-1286},
 pages = {737--755},
 numpages = {19},
 url = {http://portal.acm.org/citation.cfm?id=992868.992870},
 doi = {10.1016/j.comnet.2003.03.001},
 acmid = {992870},
 publisher = {Elsevier North-Holland, Inc.},
 address = {New York, NY, USA},
}


@inproceedings{feldman04bgp,
	author = {A. Feldmann and O. Maennel and Z. M. Mao
		and A. Berger and B. Maggs},
	title = {{Locating Internet Routing Instabilities}},
	booktitle = SIGCOMM,
	year = {2004}
}
%	address = {Portland, OR}
	pages = {205--218},

@inproceedings{steinder02positive,
		author = {M. Steinder and A. S. Sethi},
		title = {{Increasing Robustness of Fault Localization Through
	Analysis of Lost, Spurious, and Positive Symptoms}},
		booktitle = INFOCOM,
		year = {2002}
}

@inproceedings{rowstron01pastry,
 author = {A. I. T. Rowstron and P. Druschel},
 title = {{Pastry: Scalable, Decentralized Object Location, and Routing
	 for Large-Scale Peer-to-Peer Systems}},
 booktitle = {Proceedings of the IFIP/ACM International Conference on Distributed Systems},
 year = {2001}
}
 isbn = {3-540-42800-3},
 pages = {329--350},
 numpages = {22},
 url = {http://dl.acm.org/citation.cfm?id=646591.697650},
 acmid = {697650},
 publisher = {Springer-Verlag},
 address = {London, UK, UK},
}

@inproceedings{cohen02replication,
 author = {E. Cohen and S. Shenker},
 title = {{Replication Strategies in Unstructured Peer-to-peer
	 Networks}},
 booktitle = SIGCOMM,
 year = {2002}
}
 isbn = {1-58113-570-X},
 location = {Pittsburgh, Pennsylvania, USA},
 pages = {177--190},
 numpages = {14},
 url = {http://doi.acm.org/10.1145/633025.633043},
 doi = {10.1145/633025.633043},
 acmid = {633043},
 publisher = {ACM},
 address = {New York, NY, USA},
 keywords = {peer-to-peer, random search, replication},
}

@article{shokrollahi06raptor,
 author = {A. Shokrollahi},
 title = {{Raptor Codes}},
 journal = TON,
 volume = {14},
 number = {SI},
 year = {2006},
 pages = {2551--2567}
}
 issn = {1063-6692},
 numpages = {17},
 url = {http://dx.doi.org/10.1109/TIT.2006.874390},
 doi = {10.1109/TIT.2006.874390},
 acmid = {1148681},
 publisher = {IEEE Press},
 address = {Piscataway, NJ, USA},
 keywords = {LT-codes, binary erasure channel (BEC), graphical codes, networking},
}
 month = jun,

@article{zhao01tapestry,
 author = {B. Y. Zhao and J. D. Kubiatowicz and A. D. Joseph},
 title = {{Tapestry: A Fault-tolerant Wide-area Application
	 Infrastructure}},
 journal = CCR,
 volume = {32},
 number = {1},
 year = {2002},
 pages = {81--81},
}
 month = {Jan.},
 issn = {0146-4833},
 numpages = {1},
 url = {http://doi.acm.org/10.1145/510726.510755},
 doi = {10.1145/510726.510755},
 acmid = {510755},
 publisher = {ACM},
 address = {New York, NY, USA},
}


@inproceedings{sherry12aplomb,
 author = {J. Sherry and S. Hasan and C. Scott and A. Krishnamurthy and
	 S. Ratnasamy and V. Sekar},
 title = {{Making Middleboxes Someone else's Problem: Network Processing
	 As a Cloud Service}},
 booktitle = SIGCOMM,
 year = {2012}
}
 isbn = {978-1-4503-1419-0},
 location = {Helsinki, Finland},
 pages = {13--24},
 numpages = {12},
 url = {http://doi.acm.org/10.1145/2342356.2342359},
 doi = {10.1145/2342356.2342359},
 acmid = {2342359},
 publisher = {ACM},
 address = {New York, NY, USA},
 keywords = {cloud, middlebox, outsourcing},


@inproceedings{cohen03bittorrent,
 author = {B. Cohen},
 title = {{Incentives Build Robustness in BitTorrent}},
 booktitle = {Proc. Workshop on Economics of Peer-to-Peer Systems},
 year = {2003}
}

@inproceedings{gargolinski05gameserver,
 author = {S. Gargolinski and C. St. Pierre and M. Claypool},
 title = {{Game Server Selection for Multiple Players}},
 booktitle = {Proc. of 4th ACM SIGCOMM Workshop on Network and System Support for Games},
 year = {2005}
}
% address = {Hawthorne, NY},
% pages = {1--6},
% numpages = {6},




@inproceedings{beyer99nn,
author = {Beyer, K. and Goldstein, J. and Ramakrishnan, R.
		and Shaft, U.},
title = {{When Is ``Nearest Neighbor'' Meaningful?}},
booktitle = {Proc. Intl. Conf. on Database Theory},
year = {1999},
}


pages = {217-235},
volume = {1540},
year = {1999}
}


@inproceedings{huffaker2001macroscopic,
		author = {B. Huffaker and M. Fomenkov and D. Moore and K. Claffy},
		booktitle = PAM,
		title = {{Macroscopic Analyses of the Infrastructure: Measurement and Visualization of Internet Connectivity and Performance}},
		year = {2001}
}
		month = apr,


@inproceedings{chen09sidewalk,
	author = {K. Chen and D. R. Choffnes and R. Potharaju and
		Y. Chen and F. E. Bustamante and D. Pei and Y. Zhao},
	title = {{Where the Sidewalk Ends: Extending the Internet AS Graph
		using Traceroutes from P2P Users}},
	booktitle = {Proc. CoNEXT},
	year = {2009},
}
	address = {Rome, Italy}
	pages = {217--228},



@inproceedings{kohavi95model,
	author = {R. Kohavi},
	title = {{A Study of Cross-validation and Bootstrap for Accuracy
			Estimation and Model Selection}},
	booktitle = {Proc. 14th Intl. Joint Conf. on Artificial Intelligence},
	year = {1995},
	pages = {1137--1143},
	address = {Montreal, Canada}
}
%	isbn = {1-55860-363-8},
%	publisher = {Morgan Kaufmann Publishers Inc.},
%	address = {San Francisco, CA, USA},

@inproceedings{schwartz10e2e,
	author = {Y. Schwartz and Y. Shavitt and U. Weinsberg},
	title = {{On the Diversity, Stability and Symmetry of End-to-End
		Internet Routes}},
	booktitle = {Proc. of Global Internet},
	year = {2010}
}
	address = {San Diego, CA}

@inproceedings{beverly10hifreq,
	title = {{Primitives for Active Internet Topology Mapping: Toward
		High-Frequency Characterization}},
	author = {R. Beverly and A. Berger and G. Xie},
	booktitle = IMC,
	year = {2010}
}
	address = {Melbourne, Australia},
% month = april

@inproceedings{sherry10alias,
	title = {{Resolving IP Aliases with Prespecified Timestamps}},
	author = {J. Sherry and E. Katz-Bassett and M. Pimenova and H.
		Madhyastha and A. Krishnamurthy and T. Anderson},
	booktitle = IMC,
	year = {2010},
}
	address = {Melbourne, Australia}

@inproceedings{turner10cenic,
	author = {D. Turner and K. Levchenko and A. Snoeren and S. Savage},
	title = {{California Fault Lines: Understanding the Causes and Impact
		of Network Failures}},
	booktitle = SIGCOMM,
	year = {2010},
}
%	address = {New Delhi, India}

@inproceedings{wu05needle,
	author = {J. Wu and Z. Mao and J. Rexford and J. Wang},
	title = {{Finding a Needle in a Haystack: Pinpointing Significant BGP
		Routing Changes in an IP Network}},
	booktitle = NSDI,
	year = {2005},
}
	address = {Boston, MA}
%	pages = {1--14},


@inproceedings{luckie08probe,
	author = {M. Luckie and Y. Hyun and B. Huffaker},
	title = {{Traceroute Probe Method and Forward IP Path Inference}},
	booktitle = IMC,
	year = {2008},
}
	address = {Vouliagmeni, Greece}
%	pages = {311--324},
%	isbn = {978-1-60558-334-1},

@article{jain99cluster,
	author = {A. Jain and M. Murty and P. Flynn},
	title = {{Data Clustering: a Review}},
	journal = {ACM Comput. Surv.},
	volume = {31},
	number = {3},
	year = {1999},
	issn = {0360-0300},
	pages = {264--323},
	doi = {http://doi.acm.org/10.1145/331499.331504},
	publisher = {ACM},
	address = {New York, NY, USA},
}

@inproceedings{veitch09balancer,
	author = {D. Veitch and B. Augustin and T. Friedman and R. Teixeira},
	title = {{Failure Control in Multipath Route Tracing}},
	booktitle = INFOCOM,
	year = {2009}
}
%	address = {Rio de Janeiro, Brazil},
% month = april

@Article{baccelli09pasta,
	author =		 {F. Baccelli and S. Machiraju and D. Veitch and J. Bolot},
	title =			 {{The Role of PASTA in Network Measurement}},
	journal = TON,
	volume = {17},
	number = {4},
	pages = {1340--1353},
	year =	 {2009}
}
%  month =	{Aug.},

@inproceedings{mao07networkmd,
 author = {Y. Mao and H. Jamjoom and S. Tao and J. M. Smith},
 title = {{NetworkMD: Topology Inference and Failure Diagnosis in the
	 Last Mile}},
 booktitle = IMC,
 year = {2007},
 isbn = {978-1-59593-908-1},
 pages = {189--202},
 numpages = {14},
}
% address = {San Diego, CA}

@inproceedings{naidu08detecting,
author = {K. V. M. Naidu and D. Panigrahi and R. Rastogi},
title = {{Detecting Anomalies Using End-to-End Path Measurements}},
booktitle = INFOCOM,
year = {2008}
}
PAGES = {1849-1857},

@InProceedings{convexity,
		author = {F. Baccelli and S. Machiraju and D. Veitch and J. Bolot},
		title = {{On Optimal Probing for Delay and Loss Measurement}},
		booktitle = IMC,
		year = {2007}
}
 pages =	{291-302}
		month = {Oct. 23-26}

@article{teixeira04dynamics,
	author = {R. Teixeira and A. Shaikh and T. Griffin and J. Rexford},
	title = {{Dynamics of Hot-Potato Routing in IP Networks}},
	journal = {SIGMETRICS Perform. Eval. Rev.},
	volume = {32},
	number = {1},
	year = {2004},
	pages = {307--319}
}

@inproceedings{teixeira04routing,
 author = {R. Teixeira and J. Rexford},
 title = {{A Measurement Framework for Pin-pointing Routing Changes}},
 booktitle = {Proc. SIGCOMM Workshop on Network Troubleshooting},
 year = {2004},
}
% address = {Portland, OR}
% isbn = {1-58113-942-9},
% pages = {313--318},
% doi = {http://doi.acm.org/10.1145/1016687.1016704},
% publisher = {ACM},
% address = {New York, NY, USA},

@inproceedings{augustin06paris,
	author = {B. Augustin and X. Cuvellier and B. Orgogozo and F. Viger
		and T. Friedman and M. Latapy and C. Magnien and R. Teixeira},
	title = {{Avoiding Traceroute Anomalies with Paris Traceroute}},
	booktitle = IMC,
	year = {2006},
}
%	address = {Rio de Janeiro, Brazil}
%	pages = {153--158},

@inproceedings{augustin07,
	author = {B. Augustin and T. Friedman and R. Teixeira},
	title = {{Measuring Load-balanced Paths in the Internet}},
	booktitle = IMC,
	year = {2007},
}
%	address = {San Diego, CA}

@inproceedings{bolot99infocom-fec,
	author = {J. Bolot and S. Fosse-Parisis and D. Towsley},
	title = {{Adaptive FEC-Based Error Control for Internet Telephony}},
	booktitle = INFOCOM,
	year = {1999}
}
address = {New York, NY}
% pages = {1453--1460}


@article{oliveira10as2tier,
	author = {R. Oliveira and D. Pei and W. Willinger and B. Zhang
		and L. Zhang},
	title = {{Quantifying the Completeness of the Observed Internet AS-level Structure}},
		 journal = TON,
		 volume = {18},
		 number = {1},
		 year = {2010},
		 pages = {109--122},
		 numpages = {14},
}

@article{paxson97routing,
 author = {V. Paxson},
 title = {{End-to-end Routing Behavior in the Internet}},
 journal = TON,
 volume = {5},
 number = {5},
 year = {1997},
 issn = {1063-6692},
 pages = {601--615},
 doi = {http://dx.doi.org/10.1109/90.649563},
 publisher = {IEEE Press},
 address = {Piscataway, NJ, USA},
}



@inproceedings{white02emulab,
	author = {Brian White and Jay Lepreau and Leigh Stoller
		and Robert Ricci and Shashi Guruprasad and Mac Newbold
			and Mike Hibler and Chad Barb and Abhijeet Joglekar},
	title = {{An Integrated Experimental Environment for Distributed
		Systems and Networks}},
	booktitle = OSDI,
	year = {2002}
}
	address = {Boston, MA},
% month = {Dec.},
% pages = "255--270"

@inproceedings{donnet05topology,
	author = {B. Donnet and P. Raoult and T. Friedman and
		M. Crovella},
	title = {{Efficient Algorithms for Large-scale Topology Discovery}},
	booktitle = SIGMETRICS,
	year = {2005},
}
%	address = {Banff, Canada}
% doi = {http://doi.acm.org/10.1145/1064212.1064256},
% publisher = {ACM},
% address = {New York, NY, USA},
% isbn = {1-59593-022-1},
% pages = {327--338},
% Proceedings of the 2005 ACM SIGMETRICS international
% conference on Measurement and modeling of computer systems

@inproceedings{bassett12lifeguard,
	author = {
E. Katz-Bassett and C. Scott and D. R. Choffnes and I. Cunha and V. Valancius and N. Feamster and H. V. Madhyastha and T. Anderson and A. Krishnamurthy},
	title = {{LIFEGUARD: Practical Repair of Persistent Route Failures}},
	booktitle = {Proc. ACM SIGCOMM},
	year = {2012}
}
	month = {Aug.},
	address = {Helsinki, Finland}


@inproceedings{bassett08hubble,
	author = {E. Katz-Bassett and H. Madhyastha and J. P. John
		and A. Krishnamurthy and D. Wetherall and T. Anderson},
	title = {{Studying Black Holes in the Internet with Hubble}},
	booktitle = NSDI,
	year = {2008},
}
%	address = {San Francisco, CA}
% publisher = {USENIX Association},
% address = {Berkeley, CA, USA},
% pages = {247--262},
% Proceedings of the 5th USENIX Symposium on
% Networked Systems Design and Implementation
% isbn = {111-999-5555-22-1},


@inproceedings{he07missinglinks,
	author = {Y. He and G. Siganos and M. Faloutsos and S. Krishnamurthy},
	booktitle = NSDI,
	year = 2007,
	title = {{A Systematic Framework for Unearthing the Missing Links: Measurements and Impact}}
}

@inproceedings{javed13poiroot,
 author = {U. Javed and I. Cunha and D. R. Choffnes and E. Katz-Bassett and T. Anderson and A. Krishnamurthy},
 title = {{PoiRoot: Investigating the Root Cause of Interdomain Path Changes}},
 booktitle = SIGCOMM,
 year = {2013},
}
 isbn = {978-1-4503-2056-6},
 location = {Hong Kong, China},
 pages = {183--194},
 numpages = {12},
 url = {http://doi.acm.org/10.1145/2486001.2486036},
 doi = {10.1145/2486001.2486036},
 acmid = {2486036},
 publisher = {ACM},
 address = {New York, NY, USA},
 keywords = {bgp, measurement, monitoring, path changes, root cause analysis},


@article{gao01asrel,
 author = {L. Gao},
 title = {{On Inferring Autonomous System Relationships in the Internet}},
 journal = {IEEE/ACM Trans. Netw.},
 volume = {9},
 number = {6},
 month = {December},
 year = {2001},
 issn = {1063-6692},
 pages = {733--745},
 numpages = {13},
 url = {http://dx.doi.org/10.1109/90.974527},
 doi = {http://dx.doi.org/10.1109/90.974527},
 acmid = {504616},
 publisher = {IEEE Press},
 address = {Piscataway, NJ, USA},
}


@inproceedings{cohen06darkmatter,
	author = {R. Cohen and D. Raz},
	booktitle = INFOCOM,
	title = {{The Internet Dark Matter - on the Missing Links in the AS Connectivity Map}},
	year={2006}
}


@inproceedings{zhang04planetseer,
	author = {M. Zhang and C. Zhang and V. Pai and L. Peterson
		and R. Wang},
	title = {{PlanetSeer: Internet Path Failure Monitoring and
		Characterization in Wide-area Services}},
	booktitle = OSDI,
	year = {2004},
}
	address = {San Francisco, CA}
% publisher = {USENIX Association},
% address = {Berkeley, CA, USA},
% pages = {12--12},
% Proceedings of the 6th conference on Symposium
% on Opearting Systems Design \& Implementation

@inproceedings{barford09perf,
author = {P. Barford and N. Duffield and A. Ron and J. Sommers},
title = {{Network Performance Anomaly Detection and Localization}},
booktitle = INFOCOM,
year = {2009}
}
address = {Rio de Janeiro, Brazil},


@inproceedings{zhao09vpn,
author = {Y. Zhao and Z. Zhu and Y. Chen and D. Pei and J. Wang},
title = {{Towards Efficient Large-Scale VPN Monitoring and Diagnosis under
		Operational Constraints}},
booktitle = INFOCOM,
year = {2009}
}
address = {Rio de Janeiro, Brazil},


@inproceedings{sommers07plabbad,
	author = {J. Sommers and P. Barford},
	title = {{An Active Measurement System for Shared Environments}},
	booktitle = IMC,
	year = {2007},
}
address = {San Diego, CA}

@inproceedings{sommers07sla,
	author = {J. Sommers and P. Barford and N. Duffield and A. Ron},
	title = {Accurate and {E}fficient {SLA} {C}ompliance {M}onitoring},
	booktitle = SIGCOMM,
	year = {2007},
}
	address = {Kyoto, Japan}
% isbn = {978-1-59593-713-1},
% pages = {109--120},
% doi = {http://doi.acm.org/10.1145/1282380.1282394},
% publisher = {ACM},
% address = {New York, NY, USA},
% Proceedings of the 2007 conference on Applications, technologies,
% architectures, and protocols for computer communications

@inproceedings{nguyen09tomo,
	title = {{Minimizing Probing Cost for Detecting Interface Failures:
		Algorithms and Scalability Analysis}},
	author = {H. Nguyen and R. Teixeira and P. Thiran and C. Diot},
	booktitle = INFOCOM,
	year = {2009},
}

@inproceedings{hung04tomo,
	author = {H. Nguyen and P. Thiran},
	title = {{Active Measurement for Multiple Link Failure
		Diagnosis in IP Networks}},
	booktitle = PAM,
	year = {2004},
}
	address = {Antibes-Juan les Pins, France}

@inproceedings{nguyen07lossrateold,
	author={H. Nguyen and P. Thiran},
	booktitle= INFOCOM,
	title = {{The Boolean Solution to the Congested IP Link Location
		Problem: Theory and Practice}},
	year={2007},
}
month=may,
pages={2117 -2125}

@inproceedings{nguyen07lossrate,
	author = {H. Nguyen and P. Thiran},
	title = {{Network Loss Inference with Second Order Statistics of
		End-to-end Flows}},
	booktitle = IMC,
	year = {2007}
}
address = {San Diego, CA}
% Proceedings of the 7th ACM SIGCOMM conference on Internet measurement
% isbn = {978-1-59593-908-1},
% pages = {227--240},
% doi = {http://doi.acm.org/10.1145/1298306.1298339},
% publisher = {ACM},
% address = {New York, NY, USA},


@article{viterbi67,
	author = {A. Viterbi},
	title = {{Error Bounds for Convolutional Codes and an Asymptotically
		Optimum Decoding Algorithm}},
	journal = {IEEE Trans. on Inf. Theory},
	year = {1967},
	volume = {13},
	number = {2},
	pages = {260--269}
}

@article{baum70,
	author = {L. Baum and T. Petrie and G. Soules and N. Weiss},
	title = {{A Maximization Technique Occurring in the Statistical
		Analysis of Probabilistic Functions of Markov Chains}},
	journal = {Mathematical Statistics},
	year = {1972},
	volume = {41},
	number = {1},
	pages = {164--171}
}

@article{gilbert60,
	author = {E. Gilbert},
	title = {{Capacity of a Burst-Noise Channel}},
	journal = {Bell Systems Technical Journal},
	year = {1960},
	volume = {39},
	number = {5},
	pages = {1253--1265}
}

@inproceedings{zhang01imw,
	author = {Yin Zhang and Nick Duffield and Vern Paxson
		and Scott Shenker},
	title = {{On the Consistency of Internet Path Properties}},
	booktitle = IMW,
	year = {2001}
}
	address = {San Francisco, CA},

@inproceedings{caesar08presto,
	author = {Matthew Caesar and Jennifer Rexford},
	title = {{Building Bug-tolerant Routers with Virtualization}},
	booktitle = {ACM SIGCOMM PRESTO},
	year = {2008}
}
	address = {Seattle, WA},

@inproceedings{kompella05score,
 author = {R. R. Kompella and J. Yates and A. Greenberg and A. C. Snoeren},
 title = {{IP Fault Localization via Risk Modeling}},
 booktitle = NSDI,
 year = {2005}
}
 pages = {57--70},
 numpages = {14},
 url = {http://portal.acm.org/citation.cfm?id=1251203.1251208},
 acmid = {1251208},
 publisher = {USENIX Association},
 address = {Berkeley, CA, USA},


@inproceedings{kompella07blackholes,
	author = {R. Kompella and J. Yates and
		A. Greenberg and A. Snoeren},
	title = {{Detection and Localization of Network Blackholes}},
	booktitle = INFOCOM,
	year = {2007}
}
	address = {Anchorage, AK},
% month = {May}

@article{fang04ldp,
	author = {L. Fang and A. Atlas and F. Chiussi and K. Kompella
		and G. Swallow},
	title = {{LDP Failure Detection and Recovery}},
	journal = IEEECOM,
	year = {2004},
	volume = {42},
	number = {10},
	pages = {117-123}
}

@inproceedings{mahajan03tulip,
 author = {R. Mahajan and N. Spring and D. Wetherall and T. Anderson},
 title = {{User-level Internet Path Diagnosis}},
 booktitle = SOSP,
 year = {2003}
}
 location = {Bolton Landing, NY, USA},
 pages = {106--119},
 numpages = {14},

@inproceedings{mahajan02sigcomm,
	author = "R. Mahajan and D. Wetherall and T. Anderson",
	title = {{Understanding BGP Misconfiguration}},
	booktitle = SIGCOMM,
	year = "2002"
}
	address = {Pittsburgh, PA},

@inproceedings{feamster05nsdi,
	author = {N. Feamster and H. Balakrishnan},
	title = {{Detecting BGP Configuration Faults with Static Analysis}},
	booktitle = NSDI,
	year = {2005}
}
	address = {Boston, MA},

@article{duffield06binary,
	author = "N. Duffield",
	title = {{Network Tomography of Binary Network Performance
		Characteristics}},
	journal = "IEEE Trans. on Inf. Theory",
	volume = 52,
	number = 12,
	year = "2006",
	pages = "5373--5388"
}
% month = "Dec.",

@inproceedings{dhamdhere07netdiagnoser,
	author = {A. Dhamdhere and R. Teixeira and
		C. Drovolis and C. Diot},
	title = {{NetDiagnoser: Troubleshooting Network Unreachabilities Using
		End-to-end Probes and Routing Data}},
	booktitle = CONEXT,
	year = 2007
}
	address = {New York, NY},


@inproceedings{duffield03simpletomo,
 author = {N. Duffield},
 title = {{Simple Network Performance Tomography}},
 booktitle = IMC,
 year = {2003}
}
 location = {Miami Beach, FL, USA},
 pages = {210--215},


@inproceedings{cunha08conext,
	author = "Italo Cunha and Renata Teixeira and Nick Feamster and
		Christophe Diot",
	title = {{Distinguishing Persistent Failures from Transient Losses}},
	booktitle = {Proc. of ACM CoNEXT Student Workshop},
	month = {Dec.},
	year = {2008},
	address = {Madrid, Spain}
}

@inproceedings{lakhina03bias,
 author = {A. Lakhina and J. W. Byers and M. Crovella and P. Xie},
 title = {{Sampling Biases in IP Topology Measurements}},
 booktitle = INFOCOM,
 year = {2003}
}

@inproceedings{kandula09bias,
 author = {S. Kandula and R. Mahajan},
 title = {{Sampling Biases in Network Path Measurements and what to Do
	About It}},
 booktitle = IMC,
 year = {2009},
 isbn = {978-1-60558-771-4},
 location = {Chicago, Illinois, USA},
 pages = {156--169},
 numpages = {14},
}

@inproceedings{lakhina04anomalies,
 author = {Lakhina, A. and Crovella, M. and Diot, C.},
 title = {{Diagnosing Network-wide Traffic Anomalies}},
 booktitle = SIGCOMM,
 year = {2004},
}
 isbn = {1-58113-862-8},
 location = {Portland, Oregon, USA},
 pages = {219--230},
 numpages = {12},
 url = {http://doi.acm.org/10.1145/1015467.1015492},
 doi = {10.1145/1015467.1015492},
 acmid = {1015492},
 publisher = {ACM},
 address = {New York, NY, USA},
 keywords = {anomaly detection, network traffic analysis},
} 

@inproceedings{huang07disruptions,
	author = {Y. Huang and N. Feamster and A. Lakhina and J. Xu},
	title = {{Diagnosing Network Disruptions with Network-wide Analysis}},
	booktitle = SIGMETRICS,
	year = {2007},
}
	address = {San Diego, CA}
% isbn = {978-1-59593-639-4},
% pages = {61--72},
% doi = {http://doi.acm.org/10.1145/1254882.1254890},
% publisher = {ACM},
% address = {New York, NY, USA},

@article{huang08ccr,
	author =	{Y. Huang and N. Feamster and R. Teixeira},
	title = {{Practical Issues with Using Network Tomography for
		Fault Diagnosis}},
	journal = {SIGCOMM CCR},
	volume = {38},
	number = {5},
	year = {2008},
	pages = {53--58}
}
% issn = {0146-4833},
% doi = {http://doi.acm.org/10.1145/1452335.1452343},
% publisher = {ACM},
% address = {New York, NY, USA},

@inproceedings{mahimkar08nice,
	author = {A. Mahimkar and J. Yates and Y. Zhang and
		A. Shaikh and J. Wang and Z. Ge and C. Ee},
	title = {{Troubleshooting Chronic Conditions in Large IP Networks}},
	booktitle = CONEXT,
	year = 2008
}
address = {Madrid, Spain},
% month = "December"


@inproceedings{peterson06planetlab,
	title = {{Experiences Building PlanetLab}},
	author = {L. Peterson and A. Bavier and M. Fiuczynski and
		S. Muir},
	booktitle = OSDI,
	year = "2006"
}
	address = {Seattle, WA},
% month = NOV,

@inproceedings{hemminger05netem,
	author = {S. Hemminger},
	booktitle = {{Proc. Linux Conf Au}},
	title = {{Network Emulation with NetEm}},
	year = {2005}
}
	address = {Canberra, Australia},
% month = {April},

@inproceedings{wang03passiveloss,
	author = {V. Padmanabhan and L. Qiu and H. Wang},
	title = {{Server-based Inference of Internet Link Lossiness}},
	booktitle = INFOCOM,
	year = {2003},
}
	address = {San Francisco, CA}
% month = March

@article{gettys11buffer,
 author = {J. Gettys and K. Nichols},
 title = {{Bufferbloat: Dark Buffers in the Internet}},
 journal = {Queue},
 volume = {9},
 number = {11},
 year = {2011},
}
 pages = {40--54},
 month = {nov},
 issn = {1542-7730},
 articleno = {40},
 numpages = {15},
 url = {http://doi.acm.org/10.1145/2063166.2071893},
 doi = {10.1145/2063166.2071893},
 acmid = {2071893},
 publisher = {ACM},
 address = {New York, NY, USA},


@inproceedings{baheshti08buffer,
	author = {N. Beheshti and Y. Ganjali and M. Ghobadi and N.
		McKeown and G. Salmon},
	title = {{Experimental Study of Router Buffer Sizing}},
	booktitle = IMC,
	year = {2008}
}
address = {Vouliagmeni, Greece}
% pages = {197--210},
% month = Oct.

@inproceedings{savage99sting,
 author = {S. Savage},
 title = {{Sting: a TCP-based Network Measurement Tool}},
 booktitle = {Proc. USENIX Symp. on Internet Technologies and Systems},
 year = {1999},
}
 location = {Boulder, Colorado},
 pages = {7--7},
 numpages = {1},
 url = {http://portal.acm.org/citation.cfm?id=1251480.1251487},
 acmid = {1251487},
 publisher = {USENIX Association},
 address = {Berkeley, CA, USA},


@inproceedings{choi05delay,
 author = {B.-Y. Choi and S. Moon and R. Cruz and Z.-L. Zhang and C. Diot},
 title = {{Practical Delay Monitoring for ISPs}},
 booktitle = CONEXT,
 year = {2005}
}
 isbn = {1-59593-197-X},
 location = {Toulouse, France},
 pages = {83--92},
 numpages = {10},


@inproceedings{dina03smallts,
	author = {K. Papagiannaki and R. Cruz and C. Diot},
	title = {{Network Performance Monitoring at Small Time Scales}},
	booktitle = IMC,
	year = {2003},
}
	address = {Miami Beach, FL}
%pages = {295--300},

@inproceedings{sommers05badabing,
	author = {Joel Sommers and Paul Barford and Nick Duffield and Amos Ron},
	title = {{Improving Accuracy in End-to-end Packet Loss Measurement}},
	booktitle = SIGCOMM,
	year = {2005},
}
	address = {Philadelphia, PA}
% pages = {157--168},

@inproceedings{sommers07slam,
	author = {Joel Sommers and Paul Barford and Nick Duffield and Amos Ron},
	title = {{Accurate and Efficient SLA Compliance Monitoring}},
	booktitle = SIGCOMM,
	year = {2007},
}
	address = {Kyoto, Japan}
% pages = {109--120},

@article{bejerano03infocom,
	author = {Y. Bejerano and R. Rastogi},
	title = {{Robust Monitoring of Link Delays and Faults in IP Networks}},
	journal = TON,
	volume = {14},
	number = {5},
	year = {2006},
	pages = {1092--1103},
	doi = {http://dx.doi.org/10.1109/TNET.2006.882907},
	publisher = {IEEE Press},
	address = {Piscataway, NJ, USA},
}

@inproceedings{rabbat04logical,
	author = {M. Rabbat and M. Coates and R. Nowak},
	title = {{Multiple Source, Multiple Destination Network Tomography}},
	booktitle = INFOCOM,
	year = {2004},
}
	address = {Hong Kong, China}

@inproceedings{sherwood08discarte,
	author = {R. Sherwood and A. Bender and N. Spring},
	title = {{DisCarte: a Disjunctive Internet Cartographer}},
	booktitle = SIGCOMM,
	year = {2008},
}
%	address = {Seattle, WA}

@inproceedings{spring02rocketfuel,
	author = {N. Spring and R. Mahajan and D. Wetherall},
	title = {{Measuring ISP Topologies with Rocketfuel}},
	booktitle = SIGCOMM,
	year = {2002},
}
%	address = {Pittsburgh, PA}
% location = {Pittsburgh, Pennsylvania, USA},
% doi = {http://doi.acm.org/10.1145/633025.633039},
% publisher = {ACM},

@inproceedings{donnet05sigmetrics-tracetree,
	author = {B. Donnet and P. Raoult and T. Friedman and M. Crovella},
	title = {{Efficient Algorithms for Large-scale Topology Discovery}},
	booktitle = SIGMETRICS,
	year = {2005},
	address = {Banff, Canada}
}

@inproceedings{barford01marginal,
 author = {P. Barford and A. Bestavros and J. Byers and M. Crovella},
 title = {{On the Marginal Utility of Network Topology Measurements}},
 booktitle = IMW,
 year = {2001}
}
 isbn = {1-58113-435-5},
 location = {San Francisco, California, USA},

@inproceedings{navratil03bw,
title = {{ABwE: A Practical Approach to Available Bandwidth Estimation}},
author = {J. Navratil and R. L. Cottrell},
booktitle = PAM,
year = {2003}
}

@inproceedings{ribeiro03pathchirp,
		author = {V. J. Ribeiro and R. H. Riedi and R. G. Baraniuk and
	J. Navratil and R. L. Cottrell},
		title = {{pathChirp: Efficient Available Bandwidth Estimation for
	Network Paths}},
	booktitle = PAM,
		year = {2003}
}

@inproceedings{sommers06calibration,
 author = {J. Sommers and P. Barford and W. Willinger},
 title = {{A Proposed Framework for Calibration of Available
	Bandwidth Estimation Tools}},
 booktitle = {Proc. IEEE Symp. on Comp. and Comm.},
 year = {2006}
}
 isbn = {0-7695-2588-1},
 pages = {709--718},
 numpages = {10},
 url = {http://portal.acm.org/citation.cfm?id=1157733.1157892},
 doi = {10.1109/ISCC.2006.15},
 acmid = {1157892},
 publisher = {IEEE Computer Society},
 address = {Washington, DC, USA},


@inproceedings{strauss03bw,
 author = {J. Strauss and D. Katabi and F. Kaashoek},
 title = {{A Measurement Study of Available Bandwidth Estimation Tools}},
 booktitle = IMC,
 year = {2003}
}
 isbn = {1-58113-773-7},
 location = {Miami Beach, FL, USA},
 pages = {39--44},
 numpages = {6},
 url = {http://doi.acm.org/10.1145/948205.948211},
 doi = {http://doi.acm.org/10.1145/948205.948211},
 acmid = {948211},
 publisher = {ACM},
 address = {New York, NY, USA},
 keywords = {available bandwidth},

@inproceedings{kapoor04capprobe,
 author = {Kapoor, R. and Chen, L.-J. and Lao, L. and Gerla, M. and Sanadidi, M. Y.},
 title = {{CapProbe: A Simple and Accurate Capacity Estimation Technique}},
 booktitle = SIGCOMM,
 year = {2004},
}
 isbn = {1-58113-862-8},
 location = {Portland, Oregon, USA},
 pages = {67--78},
 numpages = {12},
 url = {http://doi.acm.org/10.1145/1015467.1015476},
 doi = {10.1145/1015467.1015476},
 acmid = {1015476},
 publisher = {ACM},
 address = {New York, NY, USA},
 keywords = {bottleneck bandwidth, network capacity, packet pair dispersion},
} 


@inproceedings{dovrolis01dispersion,
		author = {C. Dovrolis and P. Ramanathan and D. Moore},
		title = {{What Do Packet Dispersion Techniques Measure?}},
	booktitle = INFOCOM,
		year = {2001}
}

@inproceedings{downey99clink,
 author = {A. B. Downey},
 title = {{Using Pathchar to Estimate Internet Link Characteristics}},
 booktitle = SIGCOMM,
 year = {1999}
}
 isbn = {1-58113-135-6},
 location = {Cambridge, Massachusetts, United States},
 pages = {241--250},
 numpages = {10},
 url = {http://doi.acm.org/10.1145/316188.316228},
 doi = {http://doi.acm.org/10.1145/316188.316228},
 acmid = {316228},
 publisher = {ACM},
 address = {New York, NY, USA},


@inproceedings{lai00bandwidth,
 author = {K. Lai and M. Baker},
 title = {{Measuring Link Bandwidths Using a Deterministic Model of Packet
	Delay}},
 booktitle = SIGCOMM,
 year = {2000}
}
 isbn = {1-58113-223-9},
 location = {Stockholm, Sweden},
 pages = {283--294},
 numpages = {12},
 url = {http://doi.acm.org/10.1145/347059.347557},
 doi = {http://doi.acm.org/10.1145/347059.347557},
 acmid = {347557},
 publisher = {ACM},
 address = {New York, NY, USA},


@inproceedings{goldoni10bandwidth,
author = {E. Goldoni and M. Schivi},
title = {{End-to-End Available Bandwidth Estimation Tools, an
	Experimental Comparison}},
booktitle = {Proc. of Traffic Monitoring and Analysis},
year = {2010}
}

@article{jain03pathload,
 author = {M. Jain and C. Dovrolis},
 title = {{End-to-end Available Bandwidth: Measurement
		Methodology, Dynamics, and Relation with TCP Throughput}},
 journal = TON,
 volume = {11},
 number = {4},
 year = {2003},
 pages = {537--549}
}
 month = {Aug.},
 issn = {1063-6692},
 numpages = {13},
 url = {http://dx.doi.org/10.1109/TNET.2003.815304},
 doi = {http://dx.doi.org/10.1109/TNET.2003.815304},
 acmid = {941378},
 publisher = {IEEE Press},
 address = {Piscataway, NJ, USA},
 keywords = {active probing, bottleneck bandwidth, bulk transfer capacity, network capacity, packet pair dispersion},

@article{barford04ic,
	author = {P. Barford and J. Sommers},
	title = {{Comparing Probe- and Router-Based Packet-Loss Measurement}},
	journal = {IEEE Internet Computing},
	volume = {8},
	number = {5},
	year = {2004},
	issn = {1089-7801},
	pages = {50--56},
	doi = {http://dx.doi.org/10.1109/MIC.2004.34},
	publisher = {IEEE Educational Activities Department},
	address = {Piscataway, NJ, USA},
}

@article{paxson09packet,
	author = {V. Paxson},
	title = {{End-to-end Internet Packet Dynamics}},
	journal = TON,
	volume = {7},
	number = {3},
	year = {1999},
	pages = {277--292}
}
	issn = {1063-6692},
	doi = {http://dx.doi.org/10.1109/90.779192},
	publisher = {IEEE Press},
	address = {Piscataway, NJ, USA},

@inproceedings{duffield01adaptive,
	author = {N. Duffield and J. Horowitz and F. Prestis},
	title = {{Adaptive Multicast Topology Inference}},
	booktitle = INFOCOM,
	year = {2001},
}
	address = {Anchorage, AK}


@article{duffield04delaytomo,
 author = {N. Duffield and F. L. Presti},
 title = {{Network Tomography from Measured End-to-end Delay Covariance}},
 journal = TON,
 volume = {12},
 number = {6},
 month = {December},
 year = {2004},
 issn = {1063-6692},
 pages = {978--992},
 numpages = {15},
 url = {http://dx.doi.org/10.1109/TNET.2004.838612},
 doi = {http://dx.doi.org/10.1109/TNET.2004.838612},
 acmid = {1046016},
 publisher = {IEEE Press},
 address = {Piscataway, NJ, USA},
 keywords = {end-to-end measurement, multicast, packet delay, statistical inference, topology discovery},
}

@article{caceres99minc,
	title = {{Multicast-based Inference of Network-internal Loss
		Characteristics}},
	author = {R. Caceres and N. Duffield and J. Horowitz and D. Towsley},
	journal = {IEEE Trans. on Inf. Theory},
	volume = {45},
	number = {7},
	year = {1999},
	pages = {2462--2480}
}

@inproceedings{madhyastha06iplane,
	author = {H. Madhyastha and T. Isdal and M. Piatek and
		C. Dixon and T. Anderson and A. Krishnamurthy and A.
			Venkataramani},
	title = {{iPlane: an Information Plane for Distributed Services}},
	booktitle = OSDI,
	year = {2006},
}
%	address = {Seattle, WA},
% pages = {367--380},

@article{quake1,
title = {{Rush to Fix Quake-Damaged Undersea Cables}},
author = {O. Fletcher and J. Osawa},
journal = {The Wall Street Journal},
year = {2011},
month = {March}
}

@misc{bgpmux,
title = {{BGP-Mux Transit Portal}},
note = {\url{http://tp.gtnoise.net}}
}

@book{lynch96distributed,
 author = {N. A. Lynch},
 title = {Distributed Algorithms},
 year = {1996},
 publisher = {Morgan Kaufmann Publishers Inc.},
}
 isbn = {1558603484},
 address = {San Francisco, CA, USA},

@book{white09hadoop,
 author = {T. White},
 title = {{Hadoop: The Definitive Guide}},
 year = {2009},
 publisher = {O'Reilly Media, Inc.}
}
isbn = {0596521979, 9780596521974},
edition = {1st},

@misc{windowsazure,
	title = {{Windows Azure}},
	note = {\url{https://www.windowsazure.com}}
}

@misc{amazonaws,
	title = {{Amazon Web Services}},
	note = {\url{http://aws.amazon.com}}
}

@misc{reint12universal,
	author = {J. M. S. Nogueira},
	title = {{ReInt: Redes de Computadores Inteligentes}},
	note = {Projeto Universal no. 486723/2012-7 do CNPq. Dispon√≠vel
		em:\\
		\url{http://www.dcc.ufmg.br/~cunha/research/reint.pdf}}
}


@article{quake3,
author = {T. Parfitt},
title = {{Georgian woman cuts off web access to whole of
	Armenia}},
journal = {The Guardian},
year = {2011},
month = {April}
}


@misc{lookingglass,
title = {{Traceroute.org Looking Glass Servers}},
note = {http://www.traceroute.org}
}

@misc{quake2,
title = {{Wikipedia --- 2008 submarine cable disruption}}
}

@article{quake4,
	author = {A. A. Zain},
	title = {{Cable damage hits one million Internet users in UAE}},
	journal = {Khaleej Times},
	year = {2008},
	month = {Feb.}
}

@misc{ixp,
	title = {{Wikipedia --- Internet exchange point}}
}

@misc{nanog,
	title = {{North American Network Operators' Group (NANOG) --
		Mailing Lists}},
	note = {\newline{}http://www.nanog.org/mailinglist/}
}

@misc{outages,
	title = {{Outages Mailing Lists}},
	note = {http://www.outages.org}
}

@misc{grenouille,
	title = {{Grenouille. La M\'et\'eo du Net}},
	note = {http://www.grenouille.com/}
}

@misc{samknows,
	title = {{SamKnows. Broadband Performance, Availability, and Speed}},
	note = {\newline{}http://www.samknows.com}
}


@misc{cymru,
	title = {{IP to ASN Mapping}},
	author = {{Team Cymru}},
	note = {\url{http://www.team-cymru.org/Services/ip-to-asn.html}}
}

@misc{routeviews,
	title = {{The University of Oregon Routeviews Project}},
	note = {http://www.routeviews.org}
}

@misc{cunha10datasets,
	title = {{Periodic Paris Traceroute Measurements of the Internet}},
	note = {http://www.thlab.net/~cunha/datasets}
}


@misc{skitter000old,
	title = {{The CAIDA IPv4 Routed /24 Topology Dataset}},
	author = {Y. Hyun and B. Huffaker and D. Andersen and E. Aben
		and C. Shannon and M. Luckie and K. Claffy},
	note = {http://www.caida.org/projects/ark/}
}

@misc{irr,
	title = {{Internet Routing Registry}},
	note = {http://www.irr.net}
}

@misc{arin,
	title = {{American Registry for Internet Numbers}},
	note = {http://www.arin.net}
}

@misc{ripe,
	title = {{RIPE Network Coordination Centre}},
	note = {http://www.ripe.net}
}


@misc{ripettm,
	title = {{RIPE Test Traffic Measurement Service}},
	note = {\newline{}http://www.ripe.net/data-tools/stats/ttm}
}

@misc{riperis,
	title = {{RIPE Routing Information Service}},
	note = {http://www.ripe.net/data-tools/stats/ris}
}

@misc{ripeatlas,
	title = {{RIPE Atlas}},
	note = {http://atlas.ripe.net}
}


@misc{keynote,
	title = {{Keynote Systems, Inc.}},
	note = {http://www.keynote.com}
}

@inproceedings{govindan00mercator,
	author = {R. Govindan and H. Tangmunarunkit},
	booktitle = INFOCOM,
	title = {{Heuristics for Internet Map Discovery}},
	year = {2000},
}
%	address = {Tel Aviv, Israel}

@inproceedings{wong05meridian,
 author = {B. Wong and A. Slivkins and E. G. Sirer},
 title = {{Meridian: a Lightweight Network Location Service without Virtual
	Coordinates}},
 booktitle = SIGCOMM,
 year = {2005}
}
 isbn = {1-59593-009-4},
 location = {Philadelphia, Pennsylvania, USA},
 pages = {85--96},
 numpages = {12},
 url = {http://doi.acm.org/10.1145/1080091.1080103},
 doi = {http://doi.acm.org/10.1145/1080091.1080103},
 acmid = {1080103},
 publisher = {ACM},
 address = {New York, NY, USA},
 keywords = {nearest neighbor, network locality, node selection},



@inproceedings{dabek04vivaldi,
 author = {F. Dabek and R. Cox and F. Kaashoek and R. Morris},
 title = {{Vivaldi: a Decentralized Network Coordinate System}},
 booktitle = SIGCOMM,
 year = {2004},
}
 address = {Portland, OR},
 pages = {15--26},

@article{coates02topo-journal,
	author = {M. Coates and R. Castro and R. Nowak and M. Gadhiok
		and R. King and Y. Tsang},
	title = {{Maximum Likelihood Network Topology Identification from
		Edge-based Unicast Measurements}},
	journal = {SIGMETRICS Perform. Eval. Rev.},
	volume = {30},
	number = {1},
	year = {2002},
	pages = {11--20}
}

@inproceedings{coates02topo,
	author = {M. Coates and R. Castro and R. Nowak and M. Gadhiok
		and R. King and Y. Tsang},
	title = {{Maximum Likelihood Network Topology Identification from Edge-based
		Unicast Measurements}},
	booktitle = SIGMETRICS,
	year = {2002},
	address = {Marina Del Rey, CA}
}
% pages = {11--20},

@inproceedings{duffield01unicast,
		author = {N. Duffield and F. L. Presti and V. Paxson and D. Towsley},
		title = {{Inferring Link Loss Using Striped Unicast Probes}},
		booktitle = INFOCOM,
		year = {2001}
}

@article{presti02delay,
author={F. L. Presti and N. Duffield and J. Horowitz and D. Towsley},
journal = TON,
title={{Multicast-based Inference of Network-internal Delay Distributions}},
year={2002},
volume={10},
number={6},
pages={761--775}
}
month={Dec.},

@article{adams00multitomo,
author={A. Adams and B. Tian and T. Friedman and J. Horowitz and D. Towsley
	and R. Caceres and N. Duffield and F. L. Presti and S. B. Moon and
	V. Paxson},
	journal = {IEEE Comm. Mag.},
	title = {{The Use of End-to-end Multicast Measurements for
		Characterizing Internal Network Behavior}},
	year={2000},
	month={May},
	volume={38},
	number={5},
	pages={152--159},
}

@inproceedings{anagnostakis03cing,
		author = {K. G. Anagnostakis and M. Greenwald},
		title = {{cing: Measuring Network-Internal Delays Using only Existing Infrastructure}},
		booktitle = INFOCOM,
		year = {2003}
}

@inproceedings{eriksson07structure,
	author = {B. Eriksson and P. Barford and R. Nowak and
		M. Crovella},
	title = {{Learning Network Structure from Passive Measurements}},
	booktitle = IMC,
	year = {2007},
}
	address = {San Diego, CA}
% pages = {209--214},

@inproceedings{chua05e2e,
 author = {D. Chua and E. D. Kolaczyk and M. Crovella},
 title = {{A Statistical Framework for Efficient Monitoring of End-to-end
	Network Properties}},
 booktitle = SIGMETRICS,
 year = {2005}
}
 location = {Banff, Alberta, Canada},
 pages = {390--391},


@article{markopolou08sprint,
	author = {A. Markopoulou and G. Iannaccone and S. Bhattacharyya and
		C. N. Chuah and Y. Ganjali and C. Diot},
	title = {{Characterization of Failures in an Operational IP Backbone
		Network}},
	journal = TON,
	volume = {16},
	number = {4},
	year = {2008},
	pages = {749--762}
}
%	issn = {1063-6692},
%	doi = {http://dx.doi.org/10.1109/TNET.2007.902727},
%	publisher = {IEEE Press},
%	address = {Piscataway, NJ, USA},

@article{shavitt05dimes,
	author = {Y. Shavitt and E. Shir},
	title = {{DIMES: Let the Internet Measure Itself}},
	journal = {SIGCOMM Comput. Commun. Rev.},
	volume = {35},
	number = {5},
	year = {2005},
	pages = {71--74},
}

@inproceedings{feamster03reactive,
	author = {N. Feamster and D. Andersen and H. Balakrishnan and
		F. Kaashoek},
	title = {{Measuring the Effects of Internet Path Faults on Reactive
		Routing}},
	booktitle = SIGMETRICS,
	year = {2003},
}
%	address = {San Diego, CA}

@inproceedings{oliveira07evolution,
	author = {R. Oliveira and B. Zhang and L. Zhang},
	title = {{Observing the Evolution of Internet AS Topology}},
	booktitle = SIGCOMM,
	year = {2007}
}
%	pages = {313--324},

@inproceedings{dhamdhere08evo,
	author = {A. Dhamdhere and C. Dovrolis},
	title = {{Ten Years in the Evolution of the Internet Ecosystem}},
	booktitle = IMC,
	year = {2008}
}

@inproceedings{magnien09dynamics,
	author = {C. Magnien and F. Ouedraogo and G. Valadon and M. Latapy},
	title = {{Fast Dynamics in Internet Topology: Observations and
		First Explanations}},
	booktitle = {Proc. ICIMP},
	year = {2009},
}
	address = {Venice, Italy}
% booktitle = {ICIMP '09: Proceedings of the 2009 Fourth International
% Conference on Internet Monitoring and Protection},
%	isbn = {978-0-7695-3612-5},
%	pages = {137--142},
%	doi = {http://dx.doi.org/10.1109/ICIMP.2009.29},
%	publisher = {IEEE Computer Society},
%	address = {Washington, DC, USA},

@book{stevens94tcpip,
	title = {{TCP/IP Illustrated, Volume 1: The Protocols}},
	author = {W. Richard Stevens},
	publisher = {Addison-Wesley}
}

@book{wolfgang08nagios,
	title = {{Nagios: System and Network Monitoring}},
	author = {W. Barth},
	publisher = {No Starch Press}
}

@book{tanenbaum,
	title = {Computer Networks},
	author = {A. S. Tanenbaum and D. J. Wetherall},
	publisher = {Prentice Hall},
	year = {2010},
	edition = {5$^\mathrm{th}$}
}

@book{tanenbaumos,
	title = {Modern Operating Systems},
	author = {A. S. Tanenbaum},
	publisher = {Prentice Hall},
	year = {2007},
	edition = {3$^\mathrm{rd}$}
}









@inproceedings{latapy08radar,
	author = {M. Latapy and C. Magnien and F. Ou\'{e}draogo},
	title = {{A Radar for the Internet}},
	booktitle = {Proc. Intl. Workshop on Analysis of Dynamic Networks},

	year = {2008}
}
% address = {Pisa, Italy}
%pages = {901--908},


@inproceedings{medina02matrix,
	author = {A. Medina and N. Taft and K. Salamatian and S. Bhattacharyya
		and C. Diot},
	title = {{Traffic Matrix Estimation: Existing Techniques and New
	Directions}},
	booktitle = SIGCOMM,
	year = {2002},
}
%	pages = {161--174},

@inproceedings{andersen01ron,
 author = {Andersen, D. and Balakrishnan, H. and Kaashoek, F. and Morris, R.},
 title = {{Resilient Overlay Networks}},
 booktitle = SOSP,
 year = {2001},
}
 isbn = {1-58113-389-8},
 location = {Banff, Alberta, Canada},
 pages = {131--145},
 numpages = {15},
 url = {http://doi.acm.org/10.1145/502034.502048},
 doi = {10.1145/502034.502048},
 acmid = {502048},
 publisher = {ACM},
 address = {New York, NY, USA},
}

@inproceedings{hefeeda03promise,
 author = {M. Hefeeda and A. Habib and B. Botev and D. Xu and B. Bhargava},
 title = {{PROMISE: Peer-to-peer Media Streaming using CollectCast}},
 booktitle = {Proc. of ACM MULTIMEDIA},
 year = {2003},
 address = {Berkeley, CA},
}
doi = {http://doi.acm.org/10.1145/957013.957022},
pages = {45--54},

@inproceedings{rexford02stability,
	author = {J. Rexford and J. Wang and Z. Xiao and Y. Zhang},
	title = {{BGP Routing Stability of Popular Destinations}},
	booktitle = IMW,
	year = {2002},
}
	address = {Marseille, France}
%	isbn = {1-58113-603-X},
%	pages = {197--202},

@inproceedings{labovitz97instability,
	author = {C. Labovitz and R. Malan and F. Jahanian},
	title = {{Internet Routing Instability}},
	booktitle = SIGCOMM,
	year = {1997}
}

@inproceedings{bu02general,
 author = {T. Bu and N. Duffield and F. L. Presti and D. Towsley},
 title = {{Network Tomography on General Topologies}},
 booktitle = SIGMETRICS,
 year = {2002}
}
 location = {Marina Del Rey, California},
 pages = {21--30},
 numpages = {10},

@inproceedings{bush:imc09,
	author	= {R. Bush and O. Maennel and M. Roughan and S. Uhlig},
	title	= {{Internet Optometry: Assessing the Broken Glasses in Internet Reachability}},
	booktitle	= IMC,
	year	= {2009}
}

@inproceedings{cunha09imc,
	author	= {I. Cunha and R. Teixeira and N. Feamster and C. Diot},
	title	= {{Measurement Methods for Fast and Accurate Blackhole Identification with Binary Tomography}},
	booktitle	= IMC,
	year	= {2009}
}
@article{cunha09toporeport,
	author = "Italo Cunha and Renata Teixeira and Laurent Massoulie and
		Christophe Diot",
	title = {{Characterization of IP Dynamics}},
	journal = {Thomson Technical Report TR-2009-10-0051}
}

@article{cunha10imctr,
	author = "I. Cunha and R. Teixeira and C. Diot",
	title = {{Measuring and Characterizing Internet Path Dynamics in the
		Presence of Load Balancers}},
	journal = {Technicolor Technical Report TR-2010-05-00XX (under
			review for PAM 2011)},
	note = {Available at: \url{http://www.thlab.net/~cunha/}}
}

@article{cunha10sigcomm-report,
	author = "I. Cunha and R. Teixeira and C. Diot",
	title = {{Tracking the Evolution of IP Topologies: Change Detection and
		Local Remapping}},
	journal = {Technicolor Technical Report CR-PRL-2010-03-0001}
}

@inproceedings{mad09inano,
	author = {H. Madhyastha and E. Katz-Bassett and T. Anderson
		and A. Krishnamurthy and A. Venkataramani},
	title = {{iPlane Nano: Path Prediction for Peer-to-peer Applications}},
	booktitle = NSDI,
	year = {2009}
}
%	pages = {137--152},

@inproceedings{zhao01moas,
 author = {X. Zhao and D. Pei and L. Wang and D. Massey and A. Mankin and
	S. F. Wu and L. Zhang},
 title = {{An Analysis of BGP Multiple Origin AS (MOAS) Conflicts}},
 booktitle = IMW,
 year = {2001},
}
 isbn = {1-58113-435-5},
 pages = {31--35},
 numpages = {5}
 location = {San Francisco, California, USA},

@misc{jacobson1989traceroute,
author = {V. Jacobson},
title = {traceroute},
month = {Feb},
year = 1989,
}


@misc{ippmjitterrfc,
title = {{RFC 3393: IP Packet Delay Variation Metric for IP Performance
		Metrics (IPPM)}},
month = {Nov.},
year = {2002},
note = {http://www.ietf.org/rfc/rfc3393.txt}
}

@misc{mplsrfc,
title = {{RFC 3031: Multiprotocol Label Switching Architecture}},
month = {Jan.},
year = {2001},
note = {\newline{}http://www.ietf.org/rfc/rfc3031.txt}
}


@misc{rtprfc,
title = {{RFC 3550: RTP: A Transport Protocol for Real-Time Applications}},
month = {Jul.},
year = {2003},
note = {\newline{}http://www.ietf.org/rfc/rfc3550.txt}
}


@misc{natrfc,
author = {P. Srisuresh and K. Egevang},
title = {{RFC 3022: Traditional IP Network Address Translator}},
year = {2001},
note = {http://www.ietf.org/rfc/rfc3022.txt}
}
month = {Jan.},

@misc{snmprfc,
author = {D. Harrington and R. Presuhn and B. Wijnen},
title = {{RFC 3411: An Architecture for Describing Simple Network Management
	Protocol (SNMP) Management Frameworks}},
month = {Dec.},
year = {2002}
}
note = {\newline{}http://www.ietf.org/rfc/rfc3411.txt}

@misc{bgprfc,
title = {{RFC 4271: A Border Gateway Protocol 4 (BGP-4)}},
month = {Jan.},
year = {2006},
note = {\newline{}http://www.ietf.org/html/rfc4271.txt}
}

@misc{rpslrfc,
title = {{RFC 2622: Routing Policy Specification Language (RPSL)}},
month = {Jun.},
year = {1999},
note = {\newline{}http://www.ietf.org/rfc/rfc2622.txt}
}

@misc{icmprfc,
title = {{RFC 792: Internet Control Message Protocol (ICMP)}},
month = {Sep.},
year = {1981},
note = {\newline{}http://www.ietf.org/rfc/rfc792.txt}
}



@misc{dnsrfc,
	title = {{RFC 1035: Domain Names -- Implementation and
		Specification}},
	month = {Nov.},
	year = {1987},
	note = {\newline{}http://www.ietf.org/rfc/rfc1035.txt}
}

@misc{claffy99tomography,
title = {{Internet Tomograpy}},
author = {K. Claffy, T. E. Monk, D. McRobb},
booktitle = {Nature web matters},
journal = {Nature web matters},
month = {Jan.},
year = {1999}
}

@article{francis01idmaps,
	author = {P. Francis and S. Jamin and C. Jin and Y. Jin and D. Raz
		and Y. Shavitt and L. Zhang},
	title = {{IDMaps: a Global Internet Host Distance Estimation Service}},
	journal = TON,
	volume = {9},
	number = {5},
	year = {2001},
	pages = {525--540},
}
	month = {October},

@misc{ospfrfc,
title = {{RFC 2328: OSPF Version 2}},
month = {Apr.},
year = {1998},
note = {http://www.ietf.org/rfc/rfc2328.txt}
}

@misc{isisrfc,
title = {{RFC 1142: OSI IS-IS Intra-domain Routing Protocol}},
month = {Feb.},
year = {1990},
note = {\newline{}http://www.ietf.org/rfc/rfc1142.txt}
}

@misc{netflowrfc,
title = {{RFC 3954: Cisco Systems NetFlow Services Export Version 9}},
month = {Oct.},
year = {2004},
note = {\newline{}http://www.ietf.org/rfc/rfc3954.txt}
}

@misc{ipfixrfc,
title = {{RFC 5101: Specification of the IP Flow Information Export
(IPFIX) Protocol for the Exchange of IP Traffic Flow Information}},
month = {Jan.},
year = {2008},
note = {\newline{}http://www.ietf.org/rfc/rfc5101.txt}
}

@misc{hpopenview,
title = {{HP Business Technology Optimization (BTO) Software}},
note = {\newline{}http://welcome.hp.com/country/us/en/prodserv/software.html}
}

@misc{ibmtivoli,
title = {{IBM Tivoli}},
note = {http://www.ibm.com/software/tivoli/}
}


@misc{iprfc,
title = {{RFC 791: Internet Protocol}},
month = {Sep.},
year = {1981},
note = {http://www.ietf.org/rfc/rfc791.txt}
}

@misc{ippmdelayrfc,
title = {{RFC 2679: A One-way Delay Metric for IPPM}},
month = {Sep.},
year = {1999},
note = {\newline{}http://www.ietf.org/rfc/rfc2679.txt}
}

@misc{ippmlossrfc,
title = {{RFC 2680: A One-way Packet Loss Metric for IPPM}},
month = {Sep.},
year = {1999},
note = {\newline{}http://www.ietf.org/rfc/rfc2680.txt}
}

@inproceedings{aggarwal09netprints,
 author = {B. Aggarwal and R. Bhagwan and T. Das and S. Eswaran and
	V. N. Padmanabhan and G. M. Voelker},
 title = {{NetPrints: Diagnosing Home Network Misconfigurations Using
	Shared Knowledge}},
 booktitle = NSDI,
 year = {2009}
}
 location = {Boston, Massachusetts},
 pages = {349--364},
 numpages = {16},
 url = {http://portal.acm.org/citation.cfm?id=1558977.1559001},
 acmid = {1559001},
 publisher = {USENIX Association},
 address = {Berkeley, CA, USA},


@inproceedings{zhang08ispy,
 author = {Z. Zhang and Y. Zhang and Y. C. Hu and Z. M. Mao and R. Bush},
 title = {{iSPY: Detecting IP Prefix Hijacking On My Own}},
 booktitle = SIGCOMM,
 year = {2008}
}
 isbn = {978-1-60558-175-0},
 location = {Seattle, WA, USA},
 pages = {327--338},
 numpages = {12},
 url = {http://doi.acm.org/10.1145/1402958.1402996},
 doi = {http://doi.acm.org/10.1145/1402958.1402996},
 acmid = {1402996},
 publisher = {ACM},
 address = {New York, NY, USA},
 keywords = {bgp, detection, hijacking, routing},

@misc{tcprfc,
title = {{RFC 793: Transmission Control Protocol}},
month = {Sep.},
year = {1981},
note = {http://www.ietf.org/rfc/rfc793.txt}
}

@InProceedings{shaikh:nsdi04,
	author =	 {A. Shaikh and A. Greenberg},
	title =	 {{OSPF Monitoring: Architecture, Design and Deployment Experience}},
	booktitle = NSDI,
	year =	 {2004}
}

@inproceedings{feldman07popmap,
		author = {D. Feldman and Y. Shavitt},
		title = {{Automatic Large Scale Generation of Internet PoP Level Maps}},
		booktitle = GLOBECOM,
		year = {2007}
}

@inproceedings{basset06geoloc,
 author = {E. Katz-Bassett and J. P. John and A. Krishnamurthy and
	D. Wetherall and T. Anderson and Y. Chawathe},
 title = {{Towards IP Geolocation Using Delay and Topology Measurements}},
 booktitle = IMC,
 year = {2006}
}
 isbn = {1-59593-561-4},
 location = {Rio de Janeriro, Brazil},
 pages = {71--84},
 numpages = {14},
 url = {http://doi.acm.org/10.1145/1177080.1177090},
 doi = {http://doi.acm.org/10.1145/1177080.1177090},
 acmid = {1177090},
 publisher = {ACM},
 address = {New York, NY, USA},
 keywords = {delay measurements, geolocation, network topology, route measurements},


@inproceedings{padmanabhan01geomap,
 author = {V. N. Padmanabhan and L. Subramanian},
 title = {{An Investigation of Geographic Mapping Techniques for
	Internet Hosts}},
 booktitle = SIGCOMM,
 year = {2001}
}
 isbn = {1-58113-411-8},
 location = {San Diego, California, United States},
 pages = {173--185},
 numpages = {13},
 url = {http://doi.acm.org/10.1145/383059.383073},
 doi = {http://doi.acm.org/10.1145/383059.383073},
 acmid = {383073},
 publisher = {ACM},
 address = {New York, NY, USA},

@inproceedings{andreas05perfsonar,
	 author = {A. Hanemann and J. Boote and E. Boyd and J. Durand and
	L. Kudarimoti and R. Lapacz and D. Swany and S. Trocha and
	J. Zurawski},
	 title = {{PerfSONAR: A Service Oriented Architecture for Multi-domain Network Monitoring}},
	 booktitle = {Proc. ICSOC},
	 year = {2005}
}


@inproceedings{choffnes10crowd,
 author = {D. R. Choffnes and F. E. Bustamante and Z. Ge},
 title = {{Crowdsourcing Service-level Network Event Monitoring}},
 booktitle = SIGCOMM,
 year = {2010}
}
 isbn = {978-1-4503-0201-2},
 location = {New Delhi, India},
 pages = {387--398},
 numpages = {12},
 url = {http://doi.acm.org/10.1145/1851182.1851228},
 doi = {http://doi.acm.org/10.1145/1851182.1851228},
 acmid = {1851228},
 publisher = {ACM},
 address = {New York, NY, USA},
 keywords = {P2P, anomaly detection, crowdsourcing, service-level network events},


@inproceedings{yan10grca,
 author = {H. Yan and L. Breslau and Z. Ge and D. Massey and D. Pei and
	J. Yates},
 title = {{G-RCA: a Generic Root Cause Analysis Platform for Service Quality
	Management in Large IP Networks}},
 booktitle = CONEXT,
 year = {2010}
}
 isbn = {978-1-4503-0448-1},
 location = {Philadelphia, Pennsylvania},
 pages = {5:1--5:12},
 articleno = {5},
 numpages = {12},
 url = {http://doi.acm.org/10.1145/1921168.1921175},
 doi = {http://doi.acm.org/10.1145/1921168.1921175},
 acmid = {1921175},
 publisher = {ACM},
 address = {New York, NY, USA},


@inproceedings{gunes09probe,
 author = {M. H. Gunes and K. Sarac},
 title = {{Analyzing Router Responsiveness to Active Measurement Probes}},
 booktitle = PAM,
 year = {2009}
}
 isbn = {978-3-642-00974-7},
 location = {Seoul, Korea},
 pages = {23--32},
 numpages = {10},
 url = {http://dx.doi.org/10.1007/978-3-642-00975-4_3},
 doi = {http://dx.doi.org/10.1007/978-3-642-00975-4_3},
 acmid = {1532944},
 publisher = {Springer-Verlag},
 address = {Berlin, Heidelberg},
 keywords = {Internet measurement, active measurements},


@inproceedings{gunes07subnets,
 author = {M. H. Gunes and K. Sarac},
 title = {{Inferring Subnets in Router-level Topology Collection Studies}},
 booktitle = IMC,
 year = {2007}
}
 isbn = {978-1-59593-908-1},
 location = {San Diego, California, USA},
 pages = {203--208},
 numpages = {6},
 url = {http://doi.acm.org/10.1145/1298306.1298334},
 doi = {http://doi.acm.org/10.1145/1298306.1298334},
 acmid = {1298334},
 publisher = {ACM},
 address = {New York, NY, USA},
 keywords = {router-level map, subnet inference, topology discovery},


@Misc{mortier-pyrt,
	author =	 {R. Mortier},
	title =	 {{Python Routeing Toolkit (PyRT)}},
	OPThowpublished = {https://research.sprintlabs.com/pyrt/}
}

@InProceedings{magnien:09,
	author =	 {C. Magnien and F. Ouedraogo and G. Valadon and M. Latapy},
	title =	 {{Fast Dynamics in Internet Topology: Preliminary Observations and Explanations}},
	booktitle = {Proc. Intl. Conf. Internet Monitoring and Protection},
	year =	 {2009}
}

@article{donnet07survey,
	title = {Internet Topology Discovery: a Survey},
	author = {Donnet, B. and Friedman, T.},
	journal = {IEEE Communications Surveys and Tutorials},
	year = {2007},
	volume = {9},
	number = {4},
	pages = {2--15},
	month = {Dec.},
}

@article{alderson05topo,
 author = {D. Alderson and L. Li and W. Willinger and J. Doyle},
 title = {{Understanding Internet Topology: Principles, Models, and
		Validation}},
 journal = TON,
 volume = {13},
 number = {6},
 pages = {1205--1218},
 year = {2005}
}
 issn = {1063-6692},
 doi = {http://dx.doi.org/10.1109/TNET.2005.861250},
 publisher = {IEEE Press},
 address = {Piscataway, NJ, USA},


@inproceedings{bassett10reverse,
	author = {E. Katz-Bassett and H. Madhyastha and V. Adhikari and C. Scott
		and J. Sherry and P. van Wesep and A. Krishnamurthy and T.
			Anderson},
	title = {{Reverse Traceroute}},
	booktitle = NSDI,
	year = {2010}
}
address = {San Jose, CA}

@article{wang07hopcount,
	author = {H. Wang and C. Jin and K. Shin},
	title = {{Defense Against Spoofed IP Traffic Using Hop-count Filtering}},
	journal = TON,
	volume = {15},
	number = {1},
	year = {2007},
	issn = {1063-6692},
	pages = {40--53},
	doi = {http://dx.doi.org/10.1109/TNET.2006.890133},
	publisher = {IEEE Press},
	address = {Piscataway, NJ, USA},
}


@article{friedman08rulefit,
	author = {J. Friedman and B. Popescu},
	title = {{Predictive Learning via Rule Ensembles}},
	journal = {Annals of Applied Statistics},
	year = {2008},
	volume = {2},
	number = {3},
	pages = {916--954}
}

@Article{barabasi02stats,
	title = {{Statistical Mechanics of Complex Networks}},
	author = {R. Albert and A.-L. Barab\'asi},
	journal = {Rev. Mod. Phys.},
	volume = {74},
	number = {1},
	pages = {47--97},
	numpages = {50},
	year = {2002},
	month = {Jan.}
}

@Article{akamai,
	author =	 {J. Dilley and B. Maggs and J. Parikh and H. Prokop and R. Sitaraman and B. Weihl},
	title =	 {{Globally Distributed Content Delivery}},
	journal =	 {IEEE Internet Computing},
	year =	 {2002},
	 volume = {6},
		number = {5},
	pages = {50--58}

}
%  month =	 {Sep.}

@inproceedings{skitter,
	author = {K. Claffy and Y. Hyun and K. Keys and M. Fomenkov and
			D. Krioukov},
	booktitle = {Proc. IEEE CATCH},
	title = {{Internet Mapping: from Art to Science}},
	year = {2009},
}
%	 address = {Watham, MA}

@article{bremlerbarr03bypassing,
	author = {A. Bremler-Barr and E. Cohen and H. Kaplan and Y. Mansour},
	title = {{Predicting and Bypassing End-to-end Internet Service
			Degradations}},
	journal = IEEEJSAC,
	volume = {21},
	number = {6},
	year = {2003},
	pages = {961--978}
}


@inproceedings{tao03icnp,
	author = {S. Tao and K. Xu and Y. Xu and T. Fei and L. Gao and R. Guerin and J. Kurose and D. Towsley and Z.-L. Zhang},
	title = {{Exploring the Performance Benefits of End-to-end Path Switching}},
	booktitle = ICNP,
	year = {2004}
}

@inproceedings{zhang01constancy,
	author = {Y. Zhang and N. Duffield and V. Paxson and S. Shenker},
	title = {{On the Constancy of Internet Path Properties}},
	booktitle = IMW,
	year = {2001}
}
@inproceedings{leonard:imc10,
	author = {D. Leonard and D. Loguinov},
	title = {{Demystifying Service Discovery: Implementing an Internet-wide Scanner}},
	booktitle = IMC,
	year = {2010}
}
% address = {New York, NY}


@inproceedings{clark88design,
 author = {Clark, D.},
 title = {{The Design Philosophy of the DARPA Internet Protocols}},
 booktitle = SIGCOMM,
 year = {1988}
}
 isbn = {0-89791-279-9},
 location = {Stanford, California, USA},
 pages = {106--114},
 numpages = {9},
 url = {http://doi.acm.org/10.1145/52324.52336},
 doi = {10.1145/52324.52336},
 acmid = {52336},
 publisher = {ACM},
 address = {New York, NY, USA},
}

@inproceedings{saltzer82naming,
 author = {J. Saltzer},
 title = {{On the Naming and Binding of Network Destinations}},
 booktitle = {IFIP Symposium on Local Computer Networks},
 year = {1982},
 misc = {http://tools.ietf.org/html/rfc1498}
}

@article{saltzer81endtoend,
 author = {Saltzer, J. and Reed, D. and Clark, D.},
 title = {{End-to-end Arguments in System Design}},
 journal = {ACM Trans. Comput. Syst.},
 volume = {2},
 number = {4},
 year = {1984},
 pages = {277--288}
}
 issue_date = {Nov. 1984},
 month = nov,
 issn = {0734-2071},
 numpages = {12},
 url = {http://doi.acm.org/10.1145/357401.357402},
 doi = {10.1145/357401.357402},
 acmid = {357402},
 publisher = {ACM},
 address = {New York, NY, USA},
 keywords = {data communication, design principles, protocol design},
}

@article{clark05tussle,
 author = {Clark, D. and Wroclawski, J. and Sollins, K. and Braden, R.},
 title = {{Tussle in Cyberspace: Defining Tomorrow's Internet}},
 journal = {IEEE/ACM Trans. Netw.},
 volume = {13},
 number = {3},
 year = {2005},
 pages = {462--475}
}
 issue_date = {June 2005},
 month = jun,
 issn = {1063-6692},
 numpages = {14},
 url = {http://dx.doi.org/10.1109/TNET.2005.850224},
 doi = {10.1109/TNET.2005.850224},
 acmid = {1074049},
 publisher = {IEEE Press},
 address = {Piscataway, NJ, USA},
 keywords = {competition, design principles, economics, network architecture, trust, tussle},
}

@article{anderson05virtual,
author={Anderson, T. and Peterson, L. and Shenker, S. and Turner, J.},
journal={IEEE Computer},
title={{Overcoming the Internet Impasse Through Virtualization}},
year={2005},
volume={38},
number={4},
pages={34-41},
}
month={April},
keywords={Internet;open systems;Internet architecture;Internet routing;virtual testbed;Communication standards;Computer architecture;Current measurement;Emulation;Internet;Proposals;Technological innovation;Telecommunication traffic;Testing;Traffic control;Internet architecture;PlanetLab;computer architectures;overlay network;physical testbed;virtual testbed},
doi={10.1109/MC.2005.136},
ISSN={0018-9162},}

@article{cerf75ip,
author={Cerf, V. and Kahn, R.},
journal={IEEE Trans. on Comm.},
title={{A Protocol for Packet Network Intercommunication}},
year={1974},
volume={22},
number={5},
pages={637-648},
}
month={May},
keywords={Computer communications;Packet switching;Communication networks;Communication switching;Computer networks;Error correction;Internet;Packet switching;Protocols;Routing;Size control;Switches},
doi={10.1109/TCOM.1974.1092259},
ISSN={0090-6778},}

@inproceedings{perlman85spanning,
 author = {Perlman, R.},
 title = {{An Algorithm for Distributed Computation of a Spanningtree in an Extended LAN}},
 booktitle = SIGCOMM,
 year = {1985},
}
 isbn = {0-89791-164-4},
 location = {Whistler Moutain, British Columbia, Canada},
 pages = {44--53},}
 numpages = {10},
 url = {http://doi.acm.org/10.1145/319056.319004},
 doi = {10.1145/319056.319004},
 acmid = {319004},
 publisher = {ACM},
 address = {New York, NY, USA},
}

@article{mckeown99islip,
author={McKeown, N.},
journal=TON,
title={{The iSLIP Scheduling Algorithm for Input-queued Switches}},
year={1999},
volume={7},
number={2},
pages={188-201},
}
month={Apr},
doi={10.1109/90.769767},
ISSN={1063-6692},}

@inproceedings{shaikh00stability,
 author = {A. Shaikh and A. Varma and L. Kalampoukas and R. Dube},
 title = {{Routing Stability in Congested Networks:
	Experimentation and Analysis}},
 booktitle = SIGCOMM,
 year = {2000},
}
 isbn = {1-58113-223-9},
 location = {Stockholm, Sweden},
 pages = {163--174},
 numpages = {12},
 url = {http://doi.acm.org/10.1145/347059.347426},
 doi = {10.1145/347059.347426},
 acmid = {347426},
 publisher = {ACM},
 address = {New York, NY, USA},
}

@inproceedings{le08glue,
 author = {Le, F. and Xie, G. and Pei, D. and Wang, J. and Zhang, H.},
 title = {{Shedding Light on the Glue Logic of the Internet Routing
	Architecture}},
 booktitle = SIGCOMM,
 year = {2008},
}
 series = {SIGCOMM '08},
 isbn = {978-1-60558-175-0},
 location = {Seattle, WA, USA},
 pages = {39--50},
 numpages = {12},
 url = {http://doi.acm.org/10.1145/1402958.1402964},
 doi = {10.1145/1402958.1402964},
 acmid = {1402964},
 publisher = {ACM},
 address = {New York, NY, USA},
 keywords = {route redistribution, route selection, routing glue logic},
}

@inproceedings{gvozdiev13loup,
author = {N. Gvozdiev and B. Karp and M. Handley},
title = {{LOUP: The Principles and Practice of Intra-Domain
	Route Dissemination}},
booktitle = NSDI,
year = {2013}
}
isbn = {978-1-931971-00-3},
address = {Lombard, IL},
pages = {413--426},
url = {https://www.usenix.org/conference/nsdi13/technical-sessions/presentation/gvozdiev},
publisher = {USENIX},
}

@inproceedings{wang06performance,
 author = {F. Wang and Z. M. Mao and J. Wang and L. Gao and R. Bush},
 title = {{A Measurement Study on the Impact of Routing Events on
		End-to-end Internet Path Performance}},
 booktitle = SIGCOMM,
 year = {2006},
}
 isbn = {1-59593-308-5},
 location = {Pisa, Italy},
 pages = {375--386},
 numpages = {12},
 url = {http://doi.acm.org/10.1145/1159913.1159956},
 doi = {10.1145/1159913.1159956},
 acmid = {1159956},
 publisher = {ACM},
 address = {New York, NY, USA},
 keywords = {BGP, active probing, event, failover event, packet loss, packet reordering, recovery, routing dynamics},
}

@inproceedings{teixeira04hotpotato,
 author = {R. Teixeira and A. Shaikh and T. Griffin and J. Rexford},
 title = {{Dynamics of Hot-potato Routing in IP Networks}},
 booktitle = SIGMETRICS,
 year = {2004},
}
 isbn = {1-58113-873-3},
 location = {New York, NY, USA},
 pages = {307--319},
 numpages = {13},
 url = {http://doi.acm.org/10.1145/1005686.1005723},
 doi = {10.1145/1005686.1005723},
 acmid = {1005723},
 publisher = {ACM},
 address = {New York, NY, USA},
 keywords = {BGP, OSPF, convergence, hot-potato routing},
}


@article{gao01relationships,
 author = {L. Gao},
 title = {{On Inferring Autonomous System Relationships in the Internet}},
 journal = TON,
 volume = {9},
 number = {6},
 year = {2001},
 pages = {733--745}
}
 month = dec,
 issn = {1063-6692},
 numpages = {13},
 url = {http://dx.doi.org/10.1109/90.974527},
 doi = {10.1109/90.974527},
 acmid = {504616},
 publisher = {IEEE Press},
 address = {Piscataway, NJ, USA},
 keywords = {Border Gateway Protocol (BGP), Internet, protocols, routing},
}

@inproceedings{muhlbauer06topology,
 author = {M\"{u}hlbauer, W. and Feldmann, A. and Maennel, O.
		and Roughan, M. and Uhlig, S.},
 title = {{Building an AS-topology Model That Captures Route Diversity}},
 booktitle = SIGCOMM,
 year = {2006},
}
 series = {SIGCOMM '06},
 isbn = {1-59593-308-5},
 location = {Pisa, Italy},
 pages = {195--206},
 numpages = {12},
 url = {http://doi.acm.org/10.1145/1159913.1159937},
 doi = {10.1145/1159913.1159937},
 acmid = {1159937},
 publisher = {ACM},
 address = {New York, NY, USA},
 keywords = {BGP, inter-domain routing, policies, route diversity, routing},
}

@article{oliveira10structure,
 author = {R. Oliveira and D. Pei and W. Willinger and B. Zhang and L. Zhang},
 title = {{The (in)Completeness of the Observed Internet AS-level Structure}},
 journal = TON,
 volume = {18},
 number = {1},
 year = {2010},
 pages = {109--122},
}
 month = feb,
 issn = {1063-6692},
 numpages = {14},
 url = {http://dx.doi.org/10.1109/TNET.2009.2020798},
 doi = {10.1109/TNET.2009.2020798},
 acmid = {1816297},
 publisher = {IEEE Press},
 address = {Piscataway, NJ, USA},
 keywords = {border gateway protocol (BGP), interdomain routing, internet topology},
}

@article{dhamdhere11evolution,
			 Author = {Dhamdhere, A. and Dovrolis, C.},
			 Title = {{Twelve Years in the Evolution of the Internet Ecosystem}},
			 Journal = TON,
			 Volume = {19},
			 Number = {5},
			 Pages = {1420-1433},
			 Year = {2011},
}
			 Keywords = {passive data analysis	 topology		economics		data}
			 Month = {Sep},

@inproceedings{spring03inflation,
 author = {N. Spring and R. Mahajan and T. Anderson},
 title = {{The Causes of Path Inflation}},
 booktitle = SIGCOMM,
 year = {2003},
}
 series = {SIGCOMM '03},
 isbn = {1-58113-735-4},
 location = {Karlsruhe, Germany},
 pages = {113--124},
 numpages = {12},
 url = {http://doi.acm.org/10.1145/863955.863970},
 doi = {10.1145/863955.863970},
 acmid = {863970},
 publisher = {ACM},
 address = {New York, NY, USA},
}

@article{labovitz01convergence,
 author = {C. Labovitz and A. Ahuja and A. Bose and F. Jahanian},
 title = {{Delayed Internet Routing Convergence}},
 journal = TON,
 volume = {9},
 number = {3},
 year = {2001},
 pages = {293--306},
}
 month = jun,
 issue_date = {June 2001},
 issn = {1063-6692},
 numpages = {14},
 url = {http://dx.doi.org/10.1109/90.929852},
 doi = {10.1109/90.929852},
 acmid = {383591},
 publisher = {IEEE Press},
 address = {Piscataway, NJ, USA},
 keywords = {Internet, failure analysis, network reliability, routing},
}

@article{floyd94sync,
 author = {S. Floyd and V. Jacobson},
 title = {{The Synchronization of Periodic Routing Messages}},
 journal = TON,
 volume = {2},
 number = {2},
 year = {1994},
 pages = {122--136},
}
 issue_date = {April 1994},
 month = apr,
 issn = {1063-6692},
 numpages = {15},
 url = {http://dx.doi.org/10.1109/90.298431},
 doi = {10.1109/90.298431},
 acmid = {187045},
 publisher = {IEEE Press},
 address = {Piscataway, NJ, USA},
}

@book{stewart98bgp,
author = {J. W. Stewart},
title = {{BGP4.  Inter-Domain Routing in the Internet}},
publisher = {Addison-Wesley},
year = {1998}
}

@article{fall08dtn,
 author = {Fall, K. and Farrell, S.},
 title = {{DTN: An Architectural Retrospective}},
 journal = IEEEJSAC,
 volume = {26},
 number = {5},
 year = {2008},
 pages = {828--836},
}
 issue_date = {June 2008},
 month = jun,
 issn = {0733-8716},
 numpages = {9},
 url = {http://dx.doi.org/10.1109/JSAC.2008.080609},
 doi = {10.1109/JSAC.2008.080609},
 acmid = {2316184},
 publisher = {IEEE Press},
 address = {Piscataway, NJ, USA},
}

@inproceedings{fall03dtn,
 author = {K. Fall},
 title = {{A Delay-tolerant Network Architecture for Challenged Internets}},
 booktitle = SIGCOMM,
 year = {2003}
}
 series = {SIGCOMM '03},
 isbn = {1-58113-735-4},
 location = {Karlsruhe, Germany},
 pages = {27--34},
 numpages = {8},
 url = {http://doi.acm.org/10.1145/863955.863960},
 doi = {10.1145/863955.863960},
 acmid = {863960},
 publisher = {ACM},
 address = {New York, NY, USA},
}

@inproceedings{griffin99convergence,
 author = {Griffin, T. G. and Wilfong, G.},
 title = {{An Analysis of BGP Convergence Properties}},
 booktitle = SIGCOMM,
 year = {1999},
}
 isbn = {1-58113-135-6},
 location = {Cambridge, Massachusetts, USA},
 pages = {277--288},
 numpages = {12},
 url = {http://doi.acm.org/10.1145/316188.316231},
 doi = {10.1145/316188.316231},
 acmid = {316231},
 publisher = {ACM},
 address = {New York, NY, USA},
}

@inproceedings{muhlbauer07granularity,
 author = {M\"{u}hlbauer, W. and Uhlig, S. and Fu, B. and Meulle, M.
	and Maennel, O.},
 title = {{In Search for an Appropriate Granularity to Model Routing
	Policies}},
 booktitle = SIGCOMM,
 year = {2007},
}
 series = {SIGCOMM '07},
 isbn = {978-1-59593-713-1},
 location = {Kyoto, Japan},
 pages = {145--156},
 numpages = {12},
 url = {http://doi.acm.org/10.1145/1282380.1282398},
 doi = {10.1145/1282380.1282398},
 acmid = {1282398},
 publisher = {ACM},
 address = {New York, NY, USA},
 keywords = {BGP, inter-domain routing, routing policies},
}

@article{stoica03chord,
author={Stoica, I. and Morris, R. and Liben-Nowell, D. and Karger, D. R. and Kaashoek, M. F. and Dabek, F. and Balakrishnan, H.},
journal=TON,
title={{Chord: a Scalable Peer-to-peer Lookup Protocol for Internet Applications}},
year={2003},
volume={11},
number={1},
pages={17-32},
}
month={Feb},
keywords={Internet;file organisation;protocols;routing protocols;table lookup;Chord routing protocol;Internet applications;consistent hashing;data location;distributed protocol;lookup protocol;peer-to-peer applications;Analytical models;Application software;Centralized control;Computer science;Costs;Internet;Network servers;Peer to peer computing;Protocols;Routing},
doi={10.1109/TNET.2002.808407},
ISSN={1063-6692},}

@inproceedings{jacobson88congestion,
 author = {Jacobson, V.},
 title = {{Congestion Avoidance and Control}},
 booktitle = SIGCOMM,
 year = {1988},
}
 isbn = {0-89791-279-9},
 location = {Stanford, California, USA},
 pages = {314--329},
 numpages = {16},
 url = {http://doi.acm.org/10.1145/52324.52356},
 doi = {10.1145/52324.52356},
 acmid = {52356},
 publisher = {ACM},
 address = {New York, NY, USA},
}

@book{peterson12networks,
author = {L. Peterson and B. Davie},
title = {{Computer Networks: a Systems Approach}},
year = {2012},
publisher = {Morgan Kaufmann}
}

@article{ramakrishnan90congestion,
 author = {Ramakrishnan, K. K. and Jain, R.},
 title = {A Binary Feedback Scheme for Congestion Avoidance in Computer Networks},
 journal = {ACM Trans. Comput. Syst.},
 volume = {8},
 number = {2},
 year = {1990},
 pages = {158--181},
}
 issn = {0734-2071},
 issue_date = {May 1990},
 month = may,
 numpages = {24},
 url = {http://doi.acm.org/10.1145/78952.78955},
 doi = {10.1145/78952.78955},
 acmid = {78955},
 publisher = {ACM},
 address = {New York, NY, USA},
}

@inproceedings{padhye98tcp,
 author = {Padhye, J. and Firoiu, V. and Towsley, D. and Kurose, J.},
 title = {{Modeling TCP Throughput:
		A Simple Model and Its Empirical Validation}},
 booktitle = SIGCOMM,
 year = {1998},
}
 isbn = {1-58113-003-1},
 location = {Vancouver, British Columbia, Canada},
 pages = {303--314},
 numpages = {12},
 url = {http://doi.acm.org/10.1145/285237.285291},
 doi = {10.1145/285237.285291},
 acmid = {285291},
 publisher = {ACM},
 address = {New York, NY, USA},
}

@article{cerf74protocol,
		author = {V. Cerf and R. Khan},
		title = {{A Protocol for Packet Network Intercommunication}},
		journal = {IEEE Trans. on Comm.},
		year = {1974},
		volume = {22},
		number = {5},
		pages = {637--648}
}

@inproceedings{brakmo94vegas,
 author = {Brakmo, L. S. and O'Malley, S. W. and Peterson, L. L.},
 title = {{TCP Vegas: New Techniques for Congestion Detection and Avoidance}},
 booktitle = SIGCOMM,
 year = {1994},
}
 series = {SIGCOMM '94},
 isbn = {0-89791-682-4},
 location = {London, United Kingdom},
 pages = {24--35},
 numpages = {12},
 url = {http://doi.acm.org/10.1145/190314.190317},
 doi = {10.1145/190314.190317},
 acmid = {190317},
 publisher = {ACM},
 address = {New York, NY, USA},
}

@inproceedings{winstein13remy,
 author = {Winstein, K. and Balakrishnan, H.},
 title = {{TCP Ex Machina: Computer-generated Congestion Control}},
 booktitle = SIGCOMM,
 year = {2013},
}
 series = {SIGCOMM '13},
 isbn = {978-1-4503-2056-6},
 location = {Hong Kong, China},
 pages = {123--134},
 numpages = {12},
 url = {http://doi.acm.org/10.1145/2486001.2486020},
 doi = {10.1145/2486001.2486020},
 acmid = {2486020},
 publisher = {ACM},
 address = {New York, NY, USA},
 keywords = {computer-designed algorithms, congestion control},
}

@inproceedings{alizadeh10dctcp,
 author = {Alizadeh, M. and Greenberg, A. and Maltz, D. A. and Padhye, J.
	and Patel, P. and Prabhakar, B. and Sengupta, S. and Sridharan, M.},
 title = {{Data Center TCP (DCTCP)}},
 booktitle = SIGCOMM,
 year = {2010},
}
 series = {SIGCOMM '10},
 isbn = {978-1-4503-0201-2},
 location = {New Delhi, India},
 pages = {63--74},
 numpages = {12},
 url = {http://doi.acm.org/10.1145/1851182.1851192},
 doi = {10.1145/1851182.1851192},
 acmid = {1851192},
 publisher = {ACM},
 address = {New York, NY, USA},
 keywords = {ECN, TCP, data center network},
}

@article{floyd93red,
author={Floyd, S. and Jacobson, V.},
journal=TON,
title={{Random Early Detection Gateways for Congestion Avoidance}},
year={1993},
volume={1},
number={4},
pages={397-413},
}
month={Aug},
doi={10.1109/90.251892},
ISSN={1063-6692},}

@inproceedings{demers89fair,
 author = {Demers, A. and Keshav, S. and Shenker, S.},
 title = {{Analysis and Simulation of a Fair Queueing Algorithm}},
 booktitle = SIGCOMM,
 year = {1989},
}
 series = {SIGCOMM '89},
 isbn = {0-89791-332-9},
 location = {Austin, Texas, USA},
 pages = {1--12},
 numpages = {12},
 url = {http://doi.acm.org/10.1145/75246.75248},
 doi = {10.1145/75246.75248},
 acmid = {75248},
 publisher = {ACM},
 address = {New York, NY, USA},
}

@article{nichols12codel,
 author = {Nichols, K. and Jacobson, V.},
 title = {{Controlling Queue Delay}},
 journal = {Queue},
 volume = {10},
 number = {5},
 year = {2012},
 pages = {20--34},
}
 issue_date = {May 2012},
 month = may,
 issn = {1542-7730},
 articleno = {20},
 numpages = {15},
 url = {http://doi.acm.org/10.1145/2208917.2209336},
 doi = {10.1145/2208917.2209336},
 acmid = {2209336},
 publisher = {ACM},
 address = {New York, NY, USA},
}

@inproceedings{katabi02xcp,
 author = {Katabi, D. and Handley, M. and Rohrs, C.},
 title = {{Congestion Control for High Bandwidth-delay Product Networks}},
 booktitle = SIGCOMM,
 year = {2002},
}
 isbn = {1-58113-570-X},
 location = {Pittsburgh, Pennsylvania, USA},
 pages = {89--102},
 numpages = {14},
 url = {http://doi.acm.org/10.1145/633025.633035},
 doi = {10.1145/633025.633035},
 acmid = {633035},
 publisher = {ACM},
 address = {New York, NY, USA},
 keywords = {congestion control, high-speed networks, large bandwidth-delay product},
}

@article{casado09ethane,
author={Casado, M. and Freedman, M. J. and Pettit, J. and Jianying L. and Gude, N. and McKeown, N. and Shenker, S.},
journal=TON,
title={{Rethinking Enterprise Network Control}},
year={2009},
volume={17},
number={4},
pages={1270-1283},
}
month={Aug},
doi={10.1109/TNET.2009.2026415},
ISSN={1063-6692},}

@inproceedings{jacobson09content,
 author = {Jacobson, V. and Smetters, D. K. and Thornton, J. D.
	and Plass, M. F. and Briggs, N. H. and Braynard, R. L.},
 title = {{Networking Named Content}},
 booktitle = CONEXT,
 year = {2009},
}
 isbn = {978-1-60558-636-6},
 location = {Rome, Italy},
 pages = {1--12},
 numpages = {12},
 url = {http://doi.acm.org/10.1145/1658939.1658941},
 doi = {10.1145/1658939.1658941},
 acmid = {1658941},
 publisher = {ACM},
 address = {New York, NY, USA},
 keywords = {content routing, content-based security, content-centric networking},
}

@inproceedings{jain13b4,
 author = {Jain, S. and Kumar, A. and Mandal, S. and Ong, J. and Poutievski, L.
and Singh, A. and Venkata, S. and Wanderer, J. and Zhou, J. and Zhu, M. and
Zolla, J. and H\"{o}lzle, U. and Stuart, S. and Vahdat, A.},
 title = {{B4: Experience with a Globally-deployed Software Defined Wan}},
 booktitle = SIGCOMM,
 year = {2013},
}
 isbn = {978-1-4503-2056-6},
 location = {Hong Kong, China},
 pages = {3--14},
 numpages = {12},
 url = {http://doi.acm.org/10.1145/2486001.2486019},
 doi = {10.1145/2486001.2486019},
 acmid = {2486019},
 publisher = {ACM},
 address = {New York, NY, USA},
 keywords = {centralized traffic engineering, openflow, routing, software- defined networking, wide-area networks},
}

@inproceedings{staniford02own,
 author = {Staniford, S. and Paxson, V. and Weaver, N.},
 title = {{How to Own the Internet in Your Spare Time}},
 booktitle = {USENIX Security Symposium},
 year = {2002},
}
 isbn = {1-931971-00-5},
 pages = {149--167},
 numpages = {19},
 url = {http://dl.acm.org/citation.cfm?id=647253.720288},
 acmid = {720288},
 publisher = {USENIX Association},
 address = {Berkeley, CA, USA},
}

@inproceedings{hussain03dos,
 author = {Hussain, A. and Heidemann, J. and Papadopoulos, C.},
 title = {{A Framework for Classifying Denial of Service Attacks}},
 booktitle = SIGCOMM,
 year = {2003},
}
 isbn = {1-58113-735-4},
 location = {Karlsruhe, Germany},
 pages = {99--110},
 numpages = {12},
 url = {http://doi.acm.org/10.1145/863955.863968},
 doi = {10.1145/863955.863968},
 acmid = {863968},
 publisher = {ACM},
 address = {New York, NY, USA},
 keywords = {denial of service attacks, measurement, security, time series analysis},
}

@inproceedings{singledine04tor,
 author = {Dingledine, R. and Mathewson, N. and Syverson, P.},
 title = {{Tor: The Second-generation Onion Router}},
 booktitle = {USENIX Security Symposium},
 year = {2004},
}
 series = {SSYM'04},
 location = {San Diego, CA},
 pages = {21--21},
 numpages = {1},
 url = {http://dl.acm.org/citation.cfm?id=1251375.1251396},
 acmid = {1251396},
 publisher = {USENIX Association},
 address = {Berkeley, CA, USA},
}

@article{bailey12menlo,
author = {M. Bailey and D. Dittrich and E. Kenneally and D. Maughan},
title = {{The Menlo Report}},
journal = {{IEEE Security and Privacy}},
volume = {10},
number = {2},
year = {2012},
pages = {71-75},
}
issn = {1540-7993},
doi = {http://doi.ieeecomputersociety.org/10.1109/MSP.2012.52},
publisher = {IEEE Computer Society},
address = {Los Alamitos, CA, USA},
}

@inproceedings{mcsherry10diff,
 author = {McSherry, F. and Mahajan, R.},
 title = {{Differentially-private Network Trace Analysis}},
 booktitle = SIGCOMM,
 year = {2010},
}
 isbn = {978-1-4503-0201-2},
 location = {New Delhi, India},
 pages = {123--134},
 numpages = {12},
 url = {http://doi.acm.org/10.1145/1851182.1851199},
 doi = {10.1145/1851182.1851199},
 acmid = {1851199},
 publisher = {ACM},
 address = {New York, NY, USA},
 keywords = {differential privacy, trace analysis},
}

@inproceedings{han12xia,
 author = {Han, D. and Anand, A. and Dogar, F. and Li, B. and Lim, H.
		and Machado, M. and Mukundan, A. and Wu, W. and Akella, A.
		and Andersen, D. G. and Byers, J. W. and Seshan, S.
		and Steenkiste, P.},
 title = {{XIA: Efficient Support for Evolvable Internetworking}},
 booktitle = NSDI,
 year = {2012},
}
 location = {San Jose, CA},
 pages = {23--23},
 numpages = {1},
 url = {http://dl.acm.org/citation.cfm?id=2228298.2228330},
 acmid = {2228330},
 publisher = {USENIX Association},
 address = {Berkeley, CA, USA},
}

@ARTICLE{mukherjee00wdm,
author={Mukherjee, B.},
journal=IEEEJSAC,
title={{WDM Optical Communication Networks: Progress and Challenges}},
year={2000},
volume={18},
number={10},
pages={1810-1824},
}
month={Oct},
doi={10.1109/49.887904},
ISSN={0733-8716},}

@article{partridge9850gbps,
 author = {Partridge, C. and Carvey, P. P. and Burgess, E. and Castineyra, I. and Clarke, T. and Graham, L. and Hathaway, M. and Herman, P. and King, A. and Kohalmi, S. and Ma, T. and Mcallen, J. and Mendez, T. and Milliken, W. C. and Pettyjohn, R. and Rokosz, J. and Seeger, J. and Sollins, M. and Storch, S. and Tober, B. and Troxel, G. D.},
 title = {{A 50-Gb/s IP Router}},
 journal = TON,
 volume = {6},
 number = {3},
 year = {1998},
 pages = {237--248},
}
 month = jun,
 issn = {1063-6692},
 numpages = {12},
 url = {http://dx.doi.org/10.1109/90.700888},
 doi = {10.1109/90.700888},
 acmid = {279407},
 publisher = {IEEE Press},
 address = {Piscataway, NJ, USA},
 keywords = {data communications, internetworking, packet switching, routing},
}


@inproceedings{piatek07bit,
 author = {Piatek, M. and Isdal, T. and Anderson, T. and Krishnamurthy, A. and Venkataramani, A.},
 title = {{Do Incentives Build Robustness in Bit Torrent}},
 booktitle = NSDI,
 year = {2007},
}
 series = {NSDI'07},
 location = {Cambridge, MA},
 pages = {1--1},
 numpages = {1},
 url = {http://dl.acm.org/citation.cfm?id=1973430.1973431},
 acmid = {1973431},
 publisher = {USENIX Association},
 address = {Berkeley, CA, USA},
}

@article{clarke02freenet,
author={Clarke, I. and Miller, S. G. and Hong, T. W. and Sandberg, O. and Wiley, B.},
journal={IEEE Internet Computing},
title={{Protecting Free Expression Online with Freenet}},
year={2002},
volume={6},
number={1},
pages={40-49},
}
month={Jan},
doi={10.1109/4236.978368},
ISSN={1089-7801},}

@inproceedings{saroiu02cdn,
 author = {Saroiu, S. and Gummadi, K. P. and Dunn, R. J. and Gribble, S. D. and Levy, H. M.},
 title = {{An Analysis of Internet Content Delivery Systems}},
 booktitle = OSDI,
 year = {2002},
}
 issn = {0163-5980},
 pages = {315--327},
 numpages = {13},
 url = {http://doi.acm.org/10.1145/844128.844158},
 doi = {10.1145/844128.844158},
 acmid = {844158},
 publisher = {ACM},
 address = {New York, NY, USA},
}

@inproceedings{caesar06rofl,
 author = {Caesar, M. and Condie, T. and Kannan, J. and Lakshminarayanan, K. and Stoica, I. and Shenker, S.},
 title = {{ROFL: Routing on Flat Labels}},
 booktitle = SIGCOMM,
 year = {2006},
}
 isbn = {1-59593-308-5},
 location = {Pisa, Italy},
 pages = {363--374},
 numpages = {12},
 url = {http://doi.acm.org/10.1145/1159913.1159955},
 doi = {10.1145/1159913.1159955},
 acmid = {1159955},
 publisher = {ACM},
 address = {New York, NY, USA},
 keywords = {internet architecture, naming, routing},
}

@article{shenker06design,
 author = {Shenker, S.},
 title = {{Fundamental Design Issues for the Future Internet}},
 journal = IEEEJSAC,
 volume = {13},
 number = {7},
 year = {2006},
 pages = {1176--1188},
}
 issn = {0733-8716},
 issue_date = {September 2006},
 month = sep,
 numpages = {13},
 url = {http://dx.doi.org/10.1109/49.414637},
 doi = {10.1109/49.414637},
 acmid = {2316898},
 publisher = {IEEE Press},
 address = {Piscataway, NJ, USA},
}

@article{stoica03core,
 author = {Stoica, I. and Shenker, S. and Zhang, H.},
 title = {{Core-stateless Fair Queueing: A Scalable Architecture to Approximate Fair Bandwidth Allocations in High-speed Networks}},
 journal = TON,
 volume = {11},
 number = {1},
 year = {2003},
 pages = {33--46},
}
 numpages = {14},
 url = {http://dx.doi.org/10.1109/TNET.2002.808414},
 doi = {10.1109/TNET.2002.808414},
 acmid = {638337},
 publisher = {IEEE Press},
 address = {Piscataway, NJ, USA},
 keywords = {binary linear codes, covering radius, least covering radius},
}

@inproceedings{davie03diffserv,
 author = {Davie, B.},
 title = {{Deployment Experience with Differentiated Services}},
 booktitle = {SIGCOMM Workshop on Revisiting IP QoS},
 year = {2003},
}
 isbn = {1-58113-748-6},
 location = {Karlsruhe, Germany},
 pages = {131--136},
 numpages = {6},
 url = {http://doi.acm.org/10.1145/944592.944598},
 doi = {10.1145/944592.944598},
 acmid = {944598},
 publisher = {ACM},
 address = {New York, NY, USA},
 keywords = {Differentiated Services, Quality of Service},
}

@article{chu02multicast,
author={Chu, Y.-H. and Rao, S. G. and Seshan, S. and Hui Z.},
journal=IEEEJSAC,
title={{A Case for End System Multicast}},
year={2002},
volume={20},
number={8},
pages={1456--1471},
}
month={Oct},
doi={10.1109/JSAC.2002.803066},
ISSN={0733-8716},}

@inproceedings{byers98fountain,
 author = {Byers, J. W. and Luby, M. and Mitzenmacher, M. and Rege, A.},
 title = {{A Digital Fountain Approach to Reliable Distribution of Bulk Data}},
 booktitle = SIGCOMM,
 year = {1998},
}
 series = {SIGCOMM '98},
 isbn = {1-58113-003-1},
 location = {Vancouver, British Columbia, Canada},
 pages = {56--67},
 numpages = {12},
 url = {http://doi.acm.org/10.1145/285237.285258},
 doi = {10.1145/285237.285258},
 acmid = {285258},
 publisher = {ACM},
 address = {New York, NY, USA},
}

@inproceedings{deering88multicast,
 author = {Deering, S. E.},
 title = {{Multicast Routing in Internetworks and Extended LANs}},
 booktitle = SIGCOMM,
 year = {1988},
}
 isbn = {0-89791-279-9},
 location = {Stanford, California, USA},
 pages = {55--64},
 numpages = {10},
 url = {http://doi.acm.org/10.1145/52324.52331},
 doi = {10.1145/52324.52331},
 acmid = {52331},
 publisher = {ACM},
 address = {New York, NY, USA},
}


@article{floyd97multicast,
 author = {Floyd, S. and Jacobson, V. and Liu, C.-G. and McCanne, S. and Zhang, L.},
 title = {{A Reliable Multicast Framework for Light-weight Sessions and Application Level Framing}},
 journal = TON,
 volume = {5},
 number = {6},
 year = {1997},
 pages = {784--803},
}
 numpages = {20},
 url = {http://dx.doi.org/10.1109/90.650139},
 doi = {10.1109/90.650139},
 acmid = {270863},
 publisher = {IEEE Press},
 address = {Piscataway, NJ, USA},
 keywords = {Internetworking, computer network performance, computer networks},
}

@inproceedings{ratnasamy06multicast,
 author = {Ratnasamy, S. and Ermolinskiy, A. and Shenker, S.},
 title = {{Revisiting IP Multicast}},
 booktitle = SIGCOMM,
 year = {2006},
}
 series = {SIGCOMM '06},
 isbn = {1-59593-308-5},
 location = {Pisa, Italy},
 pages = {15--26},
 numpages = {12},
 url = {http://doi.acm.org/10.1145/1159913.1159917},
 doi = {10.1145/1159913.1159917},
 acmid = {1159917},
 publisher = {ACM},
 address = {New York, NY, USA},
 keywords = {multicas, routing},
}

@inproceedings{eager99bwskim,
author = {Eager, D. L. and Vernon, M. K. and Zahorjan, J.},
title = {{Bandwidth Skimming: a Technique for Cost-effective Video on Demand}},
journal = {Proc. SPIE},
year={1999}
}
volume = {3969},
number = {},
pages = {206-215},
year = {1999},
doi = {10.1117/12.373523},
URL = { http://dx.doi.org/10.1117/12.373523},
eprint = {}
}

@inproceedings{houidi10vpn,
author={Ben-Houidi, Z. and Meulle, M.},
booktitle=ICNP,
title={{A New VPN Routing Approach for Large Scale Networks}},
year={2010},
}
month={Oct},
pages={124-133},
keywords={multiprotocol label switching;routing protocols;telecommunication services;virtual private networks;BGP control plane;MPLS;VPN routing;border gateway protocol;large scale network;poor scalability;virtual private network;IP networks;Internet;Multiprotocol label switching;Routing;Routing protocols;Scalability;Virtual private networks},
doi={10.1109/ICNP.2010.5762761},
ISSN={1092-1648},}

@inproceedings{paxson04sound,
 author = {Paxson, V.},
 title = {{Strategies for Sound Internet Measurement}},
 booktitle = IMC,
 year = {2004},
}
 isbn = {1-58113-821-0},
 location = {Taormina, Sicily, Italy},
 pages = {263--271},
 numpages = {9},
 url = {http://doi.acm.org/10.1145/1028788.1028824},
 doi = {10.1145/1028788.1028824},
 acmid = {1028824},
 publisher = {ACM},
 address = {New York, NY, USA},
 keywords = {calibration, datasets, internet measurement, meta-data, reproducibility},
} 

@article{spring04reverse,
 author = {Spring, N. and Wetherall, D. and Anderson, T.},
 title = {{Reverse Engineering the Internet}},
 journal = CCR,
 volume = {34},
 number = {1},
 year = {2004},
 pages = {3--8},
}
 numpages = {6},
 url = {http://doi.acm.org/10.1145/972374.972376},
 doi = {10.1145/972374.972376},
 acmid = {972376},
 publisher = {ACM},
 address = {New York, NY, USA},
} 

@article{spring06planetlab,
 author = {Spring, N. and Peterson, L. and Bavier, A. and Pai, V.},
 title = {{Using PlanetLab for Network Research: Myths, Realities, and Best Practices}},
 journal = {SIGOPS Oper. Syst. Rev.},
 volume = {40},
 number = {1},
 year = {2006},
 pages = {17--24},
}
 numpages = {8},
 url = {http://doi.acm.org/10.1145/1113361.1113368},
 doi = {10.1145/1113361.1113368},
 acmid = {1113368},
 publisher = {ACM},
 address = {New York, NY, USA},
} 

@inproceedings{ager12ixp,
 author = {Ager, B. and Chatzis, N. and Feldmann, A. and Sarrar, N. and Uhlig, S. and Willinger, W.},
 title = {{Anatomy of a Large European IXP}},
 booktitle = SIGCOMM,
 year = {2012},
}
 isbn = {978-1-4503-1419-0},
 location = {Helsinki, Finland},
 pages = {163--174},
 numpages = {12},
 url = {http://doi.acm.org/10.1145/2342356.2342393},
 doi = {10.1145/2342356.2342393},
 acmid = {2342393},
 publisher = {ACM},
 address = {New York, NY, USA},
 keywords = {internet exchange points, internet topology, traffic characterization},
} 

@inproceedings{augustin09ixp,
 author = {Augustin, B. and Krishnamurthy, B. and Willinger, W.},
 title = {{IXPs: Mapped?}},
 booktitle = IMC,
 year = {2009},
}
 isbn = {978-1-60558-771-4},
 location = {Chicago, Illinois, USA},
 pages = {336--349},
 numpages = {14},
 url = {http://doi.acm.org/10.1145/1644893.1644934},
 doi = {10.1145/1644893.1644934},
 acmid = {1644934},
 publisher = {ACM},
 address = {New York, NY, USA},
 keywords = {ixp, peering, traceroute},
} 

@article{spring04rocket,
 author = {Spring, N. and Mahajan, R. and Wetherall, D. and Anderson, T.},
 title = {{Measuring ISP Topologies with Rocketfuel}},
 journal = TON,
 volume = {12},
 number = {1},
 year = {2004},
 pages = {2--16},
}
 numpages = {15},
 url = {http://dx.doi.org/10.1109/TNET.2003.822655},
 doi = {10.1109/TNET.2003.822655},
 acmid = {973494},
 publisher = {IEEE Press},
 address = {Piscataway, NJ, USA},
 keywords = {communication system operations and management, internet, measurement, network reliability},
} 

@article{keys13midar,
 author = {Keys, K. and Hyun, Y. and Luckie, M. and Claffy, K.},
 title = {{Internet-scale IPv4 Alias Resolution with MIDAR}},
 journal = TON,
 volume = {21},
 number = {2},
 year = {2013},
 pages = {383--399},
}
 numpages = {17},
 url = {http://dx.doi.org/10.1109/TNET.2012.2198887},
 doi = {10.1109/TNET.2012.2198887},
 acmid = {2502380},
 publisher = {IEEE Press},
 address = {Piscataway, NJ, USA},
 keywords = {IP identifier, alias resolution, internet topology, network measurement},
} 


@inproceedings{labovitz10traffic,
 author = {Labovitz, C. and Iekel-Johnson, S. and McPherson, D. and Oberheide, J. and Jahanian, F.},
 title = {{Internet Inter-domain Traffic}},
 booktitle = SIGCOMM,
 year = {2010},
}
 isbn = {978-1-4503-0201-2},
 location = {New Delhi, India},
 pages = {75--86},
 numpages = {12},
 url = {http://doi.acm.org/10.1145/1851182.1851194},
 doi = {10.1145/1851182.1851194},
 acmid = {1851194},
 publisher = {ACM},
 address = {New York, NY, USA},
 keywords = {architecture, inter-domain traffic, internet, peering policies},
} 

@article{fraleigh03sprint,
 author = {Fraleigh, C. and Moon, S. and Lyles, B. and Cotton, C. and Khan, M. and Moll, D. and Rockell, R. and Seely, T. and Diot, C.},
 title = {{Packet-level Traffic Measurements from the Sprint IP Backbone}},
 journal = IEEENET,
 volume = {17},
 number = {6},
 year = {2003},
 pages = {6--16},
}
 issn = {0890-8044},
 numpages = {11},
 url = {http://dx.doi.org/10.1109/MNET.2003.1248656},
 doi = {10.1109/MNET.2003.1248656},
 acmid = {2329631},
 publisher = {IEEE Press},
 address = {Piscataway, NJ, USA},
} 

@inproceedings{silveira10astute,
 author = {Silveira, F. and Diot, C. and Taft, N. and Govindan, R.},
 title = {{ASTUTE: Detecting a Different Class of Traffic Anomalies}},
 booktitle = SIGCOMM,
 year = {2010},
}
 isbn = {978-1-4503-0201-2},
 location = {New Delhi, India},
 pages = {267--278},
 numpages = {12},
 url = {http://doi.acm.org/10.1145/1851182.1851215},
 doi = {10.1145/1851182.1851215},
 acmid = {1851215},
 publisher = {ACM},
 address = {New York, NY, USA},
 keywords = {anomaly detection, statistical test},
} 

@inproceedings{sommers11mpls,
 author = {Sommers, J. and Barford, P. and Eriksson, B.},
 title = {{On the Prevalence and Characteristics of MPLS Deployments in the
	 Open Internet}},
 booktitle = IMC,
 year = {2011},
}
 isbn = {978-1-4503-1013-0},
 location = {Berlin, Germany},
 pages = {445--462},
 numpages = {18},
 url = {http://doi.acm.org/10.1145/2068816.2068858},
 doi = {10.1145/2068816.2068858},
 acmid = {2068858},
 publisher = {ACM},
 address = {New York, NY, USA},
 keywords = {MPLS, traceroute, traffic engineering tunnels},
} 

@inproceedings{pathak11mpls,
 author = {Pathak, A. and Zhang, M. and Hu, Y. C. and Mahajan, R. and
Maltz, D.},
 title = {{Latency Inflation with MPLS-based Traffic Engineering}},
 booktitle = IMC,
 year = {2011},
}
 isbn = {978-1-4503-1013-0},
 location = {Berlin, Germany},
 pages = {463--472},
 numpages = {10},
 url = {http://doi.acm.org/10.1145/2068816.2068859},
 doi = {10.1145/2068816.2068859},
 acmid = {2068859},
 publisher = {ACM},
 address = {New York, NY, USA},
 keywords = {LSP, MLPS, autobandwidth, latency},
} 

@inproceedings{sommers11mpls,
 author = {Sommers, J. and Barford, P. and Eriksson, B.},
 title = {{On the Prevalence and Characteristics of MPLS Deployments
in the Open Internet}},
 booktitle = IMC,
 year = {2011},
}
 isbn = {978-1-4503-1013-0},
 location = {Berlin, Germany},
 pages = {445--462},
 numpages = {18},
 url = {http://doi.acm.org/10.1145/2068816.2068858},
 doi = {10.1145/2068816.2068858},
 acmid = {2068858},
 publisher = {ACM},
 address = {New York, NY, USA},
 keywords = {MPLS, traceroute, traffic engineering tunnels},
} 
